3322 5278
308 321 373 388 tbi
559 335 701 386 comens
719 335 850 384 erroneo
868 335 947 384 ecce
967 333 1101 390 nocam
1121 335 1227 388 socen

308 480 375 542 rior
395 477 472 557 suit,
495 475 621 557 ideoque
644 473 830 539 nonnullam
852 473 928 540 lueis
946 473 1056 540 solaris
1074 475 1300 540 admixtionem
1318 492 1423 542 seeum
1446 481 1482 542 in

307 588 434 653 Lunam
451 586 572 659 detulit,
591 587 638 648 uti
656 583 832 649 uidentibus
850 586 1053 666 manifestum
1068 586 1146 666 suit:
1163 592 1196 650 at
1210 602 1284 650 aero
1302 594 1409 650 centro
1430 588 1483 650 ni-

306 701 421 772 cinior,
445 699 489 761 ita
511 695 715 768 condensata,
738 702 775 758 ut
794 695 930 776 eorporis
954 693 1077 760 lunaris
1106 713 1205 776 neque
1223 697 1339 760 micam
1356 699 1482 779 corispi-

306 807 448 872 ciendam
473 806 637 888 preberet,
658 806 722 870 sive
739 803 827 868 oculo
846 803 955 880 libera,
971 806 1035 869 sive
1052 804 1231 870 ocularibus
1249 806 1481 883 communibus,

306 920 370 983 siue
400 917 473 982 tubo
490 923 624 980 armato.
651 913 773 979 Umbra
795 916 950 980 terrestris
964 917 1130 998 perimeter
1147 915 1313 981 circularis
1328 917 1406 997 suit,
1423 917 1481 981 ni-

305 1027 465 1109 predinem
481 1025 680 1090 macularum
703 1024 865 1088 lunarium
885 1024 1094 1106 antiquaram
1116 1043 1181 1090 non
1209 1027 1385 1108 superavit:
1412 1045 1479 1108 pua

304 1138 500 1217 factumest,
521 1142 556 1198 ut
574 1133 692 1198 umbra
710 1141 841 1198 terrena
859 1151 932 1199 cum
952 1135 1028 1215 ipris
1050 1133 1182 1198 maculis
1204 1153 1375 1201 concurras
1396 1137 1480 1200 ina-

304 1245 428 1330 qualem
444 1245 541 1310 oculis
559 1243 683 1328 offerret
696 1243 916 1325 perimetrnm
935 1245 982 1308 ita
998 1251 1035 1307 nt
1052 1245 1284 1326 smpicaremur
1294 1244 1359 1308 ida
1373 1243 1479 1311 Terra

302 1357 481 1422 eminentiis
496 1353 747 1436 provenire,sed,
759 1353 949 1418 decrescente
963 1352 1082 1436 eclipsi,
1101 1353 1236 1418 nidimets
1253 1353 1321 1418 illas
1343 1355 1482 1421 conbea-

302 1485 376 1532 rum
403 1463 507 1547 pibbae
526 1467 562 1528 in
583 1463 678 1528 Luna
695 1481 837 1537 omnere,
856 1469 885 1526 et
901 1463 1041 1527 maculae
1059 1463 1209 1544 antipam
1227 1481 1302 1528 esse.
1323 1463 1481 1540 Totidem,

296 1585 377 1643 ante
393 1579 487 1661 finem
504 1575 657 1657 eclipseos,
675 1573 893 1656 conspicimus
911 1579 1105 1655 repnentum
1129 1591 1267 1656 parcum
1295 1573 1395 1642 Luna
1420 1595 1482 1658 per

301 1690 403 1771 ipsam
422 1685 527 1751 Terra
545 1683 691 1749 umbram
707 1691 926 1756 eutennatam,
944 1683 1083 1748 adbibita
1103 1682 1189 1757 tuba,
1208 1703 1282 1748 cum
1298 1693 1406 1750 tannen
1420 1705 1482 1768 per

301 1799 420 1864 umbra
437 1795 644 1860 meditullium
661 1794 695 1858 id
712 1793 924 1876 nequidquam
934 1811 1013 1876 sape
1024 1801 1242 1857 tentassemus.
1252 1791 1310 1859 Ea
1320 1797 1387 1859 istis
1399 1815 1480 1860 aon-

301 1910 405 1982 clildo,
438 1905 563 1970 Lunam
578 1906 715 1987 propria
733 1904 811 1968 lacis
833 1901 914 1967 nibil
926 1903 1100 1985 possidere.-
1123 1901 1228 1968 Terra
1246 1905 1477 1986 inequalitatcs

297 2016 409 2098 pracrd
427 2016 564 2078 intranti
583 2033 647 2078 non
665 2031 729 2078 esse
746 2013 922 2077 sensibiles:
939 2011 1079 2076 macalar
1098 2011 1213 2078 solares
1231 2013 1389 2095 pleraeque
1408 2031 1476 2078 esee

301 2141 432 2206 corpora
443 2141 508 2186 non
518 2124 625 2186 minus
638 2141 750 2204 opaca,
767 2141 863 2204 quam
881 2123 921 2185 sit
936 2120 1051 2196 Terra,
1069 2140 1141 2186 anm
1154 2121 1268 2187 umbra
1285 2122 1478 2188 illarum-

299 2235 388 2315 priar
405 2241 570 2314 appareat,
590 2249 686 2314 quam
706 2231 778 2296 nlla
799 2231 929 2296 macula
947 2231 1075 2298 lunares
1092 2233 1248 2314 antiqua,
1267 2232 1348 2314 pain
1365 2239 1395 2296 et
1417 2251 1478 2298 na-

299 2361 361 2417 ua,
379 2345 428 2406 uti
442 2343 615 2418 innumeri,
634 2344 689 2424 pai
711 2360 832 2406 mecum
860 2359 912 2406 eas
943 2349 1146 2416 contuentur,
1176 2341 1260 2406 ultro
1289 2351 1320 2405 et
1349 2341 1479 2408 libenter

297 2454 455 2534 fatentur,
474 2454 538 2517 uiri
554 2471 630 2517 sane
647 2469 755 2517 rerum
773 2454 887 2517 barum
900 2452 1006 2533 periti.
1024 2449 1215 2516 inconstans
1233 2460 1341 2516 autem
1357 2451 1478 2518 nmmo

300 2561 407 2626 Terra
424 2564 459 2626 in
478 2561 572 2626 Luna
590 2562 759 2635 vacillatio,
771 2579 867 2644 pacm
886 2561 1069 2626 creberrime
1087 2560 1393 2642 aduerti,procenire
1410 2581 1477 2627 non

295 2679 408 2753 potest,
427 2672 490 2734 nisi
508 2689 524 2732 e
542 2672 630 2734 cario
648 2687 801 2750 caporum
819 2673 903 2734 inter
924 2669 1057 2734 Terram
1075 2667 1240 2754 Solemque
1259 2673 1399 2753 apitatu,
1417 2673 1476 2755 pui

296 2781 401 2846 radios
419 2777 500 2843 Solis
518 2779 606 2842 uarie
625 2786 744 2850 secant,
763 2780 856 2842 etita
874 2779 1017 2844 tremidos
1035 2779 1253 2862 vibrantesque
1272 2782 1413 2846 reddunt.

384 2888 519 2973 Eclipsis
539 2885 620 2952 Solis
649 2887 753 2951 eodem
780 2905 883 2952 nense
910 2889 1054 2954 ineman·
1082 2892 1151 2956 uisa
1168 2899 1214 2955 est
1249 2893 1324 2956 nora
1350 2891 1475 2956 mma

295 3001 547 3068 antemeridiana
575 2997 813 3080 quodammodo,-
840 2999 930 3064 desiit
952 2999 1091 3064 nora12
1110 3011 1139 3085 ῖς
1155 3001 1285 3066 duravit
1301 3001 1478 3066 noemmin

297 3115 380 3178 baris
399 3112 521 3177 duabus
536 3118 565 3174 et
581 3108 680 3174 tribus
700 3109 929 3190 quadrantibus
947 3111 1087 3184 circiter:
1101 3110 1143 3174 ad
1160 3118 1275 3192 septem
1289 3110 1403 3192 dipitos
1422 3111 1479 3176 eiu

296 3224 441 3296 cocenim
458 3221 494 3284 de
512 3219 626 3302 quibus
656 3228 760 3284 tamen
789 3223 932 3285 scaettas
950 3237 1007 3285 suo
1026 3220 1099 3286 loeo
1114 3219 1235 3285 Notata
1252 3219 1365 3301 dona,
1385 3230 1416 3286 et
1436 3222 1479 3287 ad

297 3351 364 3396 rem
377 3339 563 3412 presentem
579 3331 730 3412 facientia
746 3339 823 3395 sunt
836 3332 909 3395 bac.
928 3329 1034 3394 Tabas
1048 3332 1132 3394 inter
1144 3347 1214 3394 eam
1227 3327 1330 3394 Luna
1354 3337 1476 3411 partem

297 3459 367 3525 qua
384 3438 487 3504 Solem
504 3439 634 3514 obtexit,
652 3449 681 3503 et
700 3459 768 3504 eam
783 3459 853 3523 pua
868 3442 1011 3514 occessit,
1030 3439 1134 3522 pnoad
1149 3438 1383 3514 obscuritatem,
1401 3439 1473 3502 nul·

298 3553 362 3616 lnm
386 3550 512 3632 penitus
540 3549 706 3614 discrimen
722 3552 812 3632 fecit,
836 3552 889 3614 sed
910 3569 1010 3633 neque
1033 3549 1158 3615 Lunam
1181 3556 1278 3614 totam
1300 3550 1365 3614 ullo
1385 3547 1470 3612 modo

296 3661 481 3725 distincita
502 3659 622 3740 reliquo
640 3655 706 3723 Soli
728 3660 924 3740 circumjecta
945 3659 1038 3734 Calo,
1056 3659 1103 3724 cel
1131 3657 1217 3740 puali
1246 3659 1373 3724 tandem
1401 3675 1469 3722 ror-

294 3789 378 3854 pcre.
400 3769 492 3834 Circa
508 3769 641 3833 mediam
661 3777 766 3834 tannn
784 3770 924 3852 eclipsin,
943 3773 1077 3836 ostendit
1096 3771 1184 3836 nobis
1208 3769 1315 3846 tubus,
1338 3769 1469 3835 dimidia

295 3883 378 3946 bora
391 3882 506 3963 spatio,
533 3897 602 3944 eam
625 3878 725 3943 Luna
747 3881 966 3960 perimetrnm,
993 3899 1057 3963 qno
1083 3879 1186 3945 Solem
1210 3883 1346 3963 opemrit,
1371 3896 1473 3944 aurea

294 3991 519 4072 quodammodo
536 3992 791 4072 circumferentia
809 3993 969 4064 amictam,
984 3999 1117 4056 ocenum
1132 3992 1283 4072 utrinqne
1301 3997 1391 4056 entra
1407 3985 1476 4055 So-

296 4101 367 4174 lem,
382 4102 424 4165 nd
442 4103 538 4164 unias
556 4099 779 4181 quodammodo
796 4101 885 4181 dipiti
903 4099 1138 4182 lonpitadinem,
1157 4119 1237 4166 arcu
1253 4117 1348 4166 aureo
1363 4100 1479 4164 circu·

296 4209 372 4276 lari:
402 4229 500 4291 neque
528 4213 591 4292 snit
614 4211 803 4290 phantasma
831 4212 887 4276 nce
916 4210 1094 4275 ludibrium.
1125 4209 1245 4276 Deinde
1273 4211 1351 4276 idem
1377 4209 1480 4276 tubus

294 4320 426 4386 ostendit
455 4321 541 4384 nobis
572 4320 711 4385 maculas
739 4321 852 4386 solares
880 4339 966 4403 aque
997 4323 1119 4402 niprcs,
1142 4324 1220 4397 ineo,
1238 4329 1276 4386 ut
1297 4337 1403 4386 ornnes
1433 4337 1481 4386 ex

294 4433 438 4498 instituto
456 4431 497 4495 aa
515 4433 570 4497 boc
589 4432 791 4508 intendimus,
811 4434 964 4514 nipriores
979 4449 1073 4514 qnam
1088 4435 1155 4514 ipsa
1169 4435 1355 4515 appareurit
1370 4429 1481 4506 Lmen.
1574 4503 1578 4510 ,
