3096 5154
591 357 820 407 asmoronrcus
842 356 967 405 roseros
1324 340 1366 405 81

275 495 334 560 llie
361 494 626 568 decimaoctava,
655 493 739 558 hora
760 492 781 557 0
802 493 884 558 min.
908 492 952 557 20
972 492 1014 556 ab
1037 507 1175 568 occasu,
1203 494 1279 558 talis
1306 496 1369 563 luit

190 691 269 785 or.
557 687 612 801 ate
707 647 810 856 (nd
903 689 947 775 >r
1259 697 1364 849 oea.

185 927 345 1007 aspectus.
375 925 457 990 Erat
485 924 586 990 Stella
614 924 786 989 orientalis
814 925 923 1007 major
951 925 1163 1002 occidentali,
1192 933 1224 993 et
1245 948 1266 993 a
1288 930 1370 996 Jove

185 1034 311 1099 distans
327 1036 408 1099 min.
426 1053 474 1118 pr.
494 1033 531 1111 8;
550 1034 766 1100 occidentalis
782 1052 864 1099 vero
881 1051 902 1098 a
918 1035 1001 1100 love
1020 1037 1134 1101 aberat
1151 1038 1231 1102 min.
1251 1038 1303 1104 10.

272 1140 331 1211 Die
349 1145 580 1220 decimanona,
599 1144 682 1210 hora
703 1146 810 1210 noctis
832 1145 993 1217 secunda,
1015 1145 1092 1210 talis
1109 1147 1172 1213 luit
1199 1150 1370 1217 stellarum

184 1256 406 1320 coordinatio:
426 1260 522 1319 erant
539 1272 656 1337 nempe
674 1256 857 1321 secundum
874 1261 1002 1320 rectam
1019 1255 1142 1321 lineam
1160 1258 1203 1321 od
1224 1277 1370 1342 unguem
1465 1243 1469 1250 ¹

183 1374 250 1432 tres
267 1385 343 1432 cum
362 1367 444 1432 love
464 1365 587 1432 Stellae:
613 1367 785 1432 orientalis
802 1384 870 1433 una
888 1383 909 1429 a
926 1365 1009 1429 Jove
1028 1365 1154 1457 distans
1170 1368 1250 1432 min.
1266 1388 1316 1451 pr.
1333 1370 1368 1436 6:

184 1477 273 1542 inter
283 1476 412 1551 lovem,
422 1482 454 1543 et
464 1477 607 1559 primam
618 1481 808 1558 sequentem
818 1476 1061 1542 occidentalem
1073 1478 1242 1544 mediabat
1257 1481 1336 1545 min.
1348 1481 1369 1544 5

183 1587 413 1655 interstitium:
432 1588 505 1654 nee
522 1591 635 1654 autem
649 1587 691 1652 ab
706 1586 957 1653 occidentaliori
972 1586 1087 1651 aberat
1100 1587 1180 1652 min.
1195 1588 1227 1652 l.
1242 1591 1371 1674 Anceps

187 1792 267 1885 or.
519 1784 564 1871 e
657 1742 971 1948 (ipre
1258 1793 1365 1888 000.

182 2037 273 2085 eram
289 2027 369 2087 tunc
388 2020 541 2103 nunquid
558 2021 646 2085 inter
665 2018 860 2084 orientalem
878 2016 1029 2095 Stellam,
1047 2022 1081 2082 et
1093 2018 1210 2084 lovem
1229 2018 1368 2086 Stellula

184 2129 359 2204 mediaret,
369 2148 488 2196 verum
498 2130 575 2195 lovi
588 2127 858 2211 quamproxime,
873 2128 955 2192 adeo
969 2133 1007 2193 ut
1021 2128 1116 2193 illum
1130 2129 1197 2193 lere
1208 2134 1366 2213 tangeret.

184 2240 229 2302 At
245 2240 329 2302 hora
346 2241 463 2320 quinta
488 2241 574 2304 hanc
603 2241 776 2305 manifeste
794 2239 864 2304 vidi
882 2240 1030 2305 medium
1043 2240 1116 2322 jam
1133 2241 1367 2320 interiorem,

183 2352 217 2412 et
235 2346 430 2411 orientalem
454 2347 590 2412 Stellam
606 2349 718 2412 locum
737 2344 900 2430 exquisite
916 2353 1151 2431 occupantem,
1170 2351 1217 2415 ita
1234 2358 1272 2418 ut
1289 2355 1367 2418 talis

185 2551 265 2641 Or.
480 2541 525 2626 'i
650 2501 808 2707 *Θ
873 2542 1022 2629 *¹4
1255 2555 1362 2647 Oce.

178 2782 280 2850 luerit
293 2779 524 2863 configuratio.
536 2776 639 2843 Stella
652 2777 786 2859 insuper
799 2778 979 2848 novissime
994 2783 1172 2862 conspecta
1185 2779 1365 2847 admodum

180 2894 301 2976 exigua
318 2891 396 2965 luit;
412 2894 641 2955 verumtamen
668 2888 751 2952 hora
780 2894 874 2954 sexta
895 2889 1030 2971 reliquis
1047 2890 1276 2972 magnitudine
1297 2892 1365 2956 lere

179 3005 244 3072 tuit
260 3001 407 3084 aequalis.

267 3111 327 3175 Die
344 3110 520 3190 vigesima,
549 3108 633 3172 hora
654 3108 670 3171 1
690 3110 770 3173 min.
795 3108 852 3186 15,
870 3110 1062 3176 constitutio
1089 3109 1272 3174 consimilis
1293 3113 1366 3177 visa

180 3227 240 3289 est.
259 3220 406 3284 Aderant
422 3223 489 3284 tres
505 3218 650 3285 Stellulae
670 3220 753 3284 adeo
770 3219 917 3302 exigue,
933 3224 973 3286 ut
990 3222 1049 3284 vix
1070 3219 1195 3302 percipi
1215 3228 1363 3303 possent:

181 3352 202 3399 a
223 3331 321 3405 Jove,
345 3332 378 3394 et
394 3328 481 3394 inter
498 3345 533 3393 se
549 3346 617 3394 non
634 3330 742 3412 magis
763 3329 930 3394 distabant
957 3328 1088 3396 minuto
1111 3348 1190 3398 uno.
1214 3328 1366 3399 Incertus

185 3537 265 3628 cr.
582 3526 605 3576 *
668 3485 771 3692 (ad
804 3527 882 3576 **
1253 3537 1360 3629 occ.

177 3783 269 3832 eram
296 3763 447 3843 nunquid
473 3780 516 3827 ex
542 3763 712 3829 occidente
741 3765 831 3840 duee,
860 3783 904 3829 an
933 3769 1000 3829 tres
1030 3764 1182 3828 adessent
1208 3762 1366 3828 Stellulae.

177 3877 274 3945 Circa
289 3876 407 3940 liorem
423 3878 551 3937 sextam
569 3874 632 3937 hoc
649 3879 747 3955 pacto
766 3878 861 3939 erant
877 3875 1063 3957 disposita:
1081 3871 1255 3938 orientalis
1275 3870 1365 3934 enim

179 3989 298 4056 alove
317 3985 417 4068 duplo
435 3984 541 4065 magis
558 3984 672 4048 aberat
694 4001 795 4066 quam
823 3989 935 4063 antea,
959 4001 1076 4067 nempe
1093 3983 1176 4047 min.
1197 3980 1235 4056 1;
1257 3979 1366 4044 media

182 4192 261 4285 or.
554 4182 577 4229 *
703 4138 949 4348 ΘΗ
1255 4181 1361 4271 oce.

176 4438 391 4504 occidentalis
418 4457 438 4502 a
466 4437 550 4504 love
578 4435 722 4501 distabat
743 4435 824 4499 min.
843 4434 864 4498 0
883 4452 946 4500 sec.
966 4433 1025 4512 lc,
1050 4432 1093 4497 ab
1112 4416 1363 4494 occidentaliori

262 4544 382 4602 Grueso
400 4545 640 4605 Garum-Tou.
660 4542 708 4599 lll.
1192 4534 1209 4583 d
