3096 5154
175 300 243 367 tlt
555 310 658 359 emtus
679 310 785 359 suess
806 310 846 359 te
868 310 970 359 cteta

176 448 390 519 mimecaton
406 444 579 521 Mundum,
591 446 646 511 cui
655 451 800 509 ceptrum
818 452 896 508 esset
913 442 1025 518 Tellus,
1039 442 1236 509 substratum
1253 441 1362 505 omui-

180 563 238 627 leus
259 570 289 626 et
311 556 550 641 prauimimums
566 556 641 625 istie
663 573 737 621 otro
760 554 955 637 memma
971 562 1071 619 essem
1087 562 1192 619 cetera
1207 551 1363 616 elementa

176 672 286 737 ardiae
311 666 478 749 disposita,
509 662 607 729 levius
640 662 783 747 propiori
811 662 1011 746 impositum,
1044 678 1206 744 quousque
1241 659 1365 722 Galum

175 776 317 845 omuilus
338 782 511 859 superesset
538 791 561 838 a
587 782 694 839 ceretro
721 784 820 857 poam
848 772 1025 857 leupissime
1054 779 1085 835 et
1107 789 1194 854 apua
1226 770 1365 840 datam.

169 888 311 973 perlecta
333 886 517 969 peripheria
545 891 732 949 tornatum:
762 880 919 957 Galileus,
949 899 1058 948 reseres
1090 879 1213 945 etate
1235 879 1277 944 ad
1308 897 1367 944 uas

175 1000 317 1081 delapsus
334 997 538 1071 Murcum,
557 1013 624 1061 uase
640 994 731 1060 peada
743 995 928 1079 asperitates
951 1002 983 1057 et
1004 993 1090 1075 jupa
1106 992 1144 1056 iu
1164 989 1260 1055 Lassa
1276 1007 1368 1053 mure-

175 1112 255 1187 eiat,
274 1126 386 1173 uerum
407 1106 504 1171 etiam
524 1106 691 1172 altissimas
707 1112 842 1179 mmmm,
865 1102 1053 1187 crepidines,
1070 1100 1230 1185 planities,
1252 1097 1364 1171 ealles,

175 1220 355 1302 serapium,
380 1216 480 1291 lacus,
498 1217 618 1291 umria,
640 1216 783 1291 istlmas,
801 1214 1036 1298 praumatoria,
1054 1213 1260 1289 chersonesos.
1284 1205 1367 1284 (luae

176 1333 205 1397 si
222 1333 270 1395 ita
297 1336 388 1402 suut,
420 1335 457 1392 ut
483 1334 658 1409 appareret,
680 1326 753 1409 puis
781 1343 848 1391 uass
876 1323 959 1389 etdet
985 1320 1208 1405 amlipemdum
1225 1337 1304 1393 esse,
1322 1336 1371 1382 au

177 1442 279 1507 Luua
296 1438 405 1522 plalem
423 1438 465 1503 sit
485 1434 603 1503 Terrea
618 1444 838 1520 posteaquem
854 1434 1036 1501 laditamus
1057 1431 1230 1501 adsimilis?
1251 1439 1288 1494 ut
1306 1445 1375 1493 au-

177 1553 373 1637 tipuissimus
390 1548 441 1615 ille
461 1546 606 1631 Orpleus
620 1547 735 1613 asciuit
752 1546 801 1611 llis
818 1544 1032 1613 carminibus:

489 1696 589 1765 umere
596 1680 1078 1773 mammaeamtmmem

492 1788 1021 1854 lfflssilffiehfflilflelw.

494 1868 1065 1949 'ffl'tffletteffl'fiitbffltfflt‘

372 2002 1203 2077 Hsdtasutslism'lemtaindnitsm,auehmlndm
1284 2042 1287 2047 -

372 2086 887 2165 lmastsluraesnt,Tcrcmirqa
898 2086 1023 2159 Lmen,
1065 2156 1068 2161 ,

368 2170 552 2239 Ωυεωιιῑιω
564 2176 676 2231 manias
688 2172 1013 2249 hsbffimallssnrbss,
1027 2172 1256 2231 meumes:

184 2320 234 2385 lie
248 2334 323 2383 cem
335 2317 423 2383 circa
438 2325 585 2383 puteum
597 2318 759 2393 misatur,
784 2320 924 2387 steirm
937 2316 1178 2395 Saismnmtsr,
1192 2318 1375 2385 etissaieem

182 2445 216 2493 ss
232 2424 429 2501 ilusniumt,
457 2434 496 2493 at
519 2426 753 2511 Pptleaparicus
774 2426 940 2515 Piliam
961 2436 992 2495 st
1017 2426 1206 2509 Heraclitus·
1219 2428 1374 2497 Porticus

178 2533 609 2619 &latidudo-mmm
621 2554 701 2623 ⁹⁸⁰³
714 2538 919 2607 ΜΝ
929 2546 1074 2607 umidi*
1091 2538 1302 2625 Omittit
1314 2546 1372 2605 dlii

180 2646 669 2725 mammotretuettaeetet
695 2648 1146 2723 mmmmrusmtmstra
1174 2652 1241 2717 leae
1273 2648 1374 2717 Tem

182 2758 281 2841 liuius
299 2759 768 2833 essumteattmetmamrt
792 2758 852 2825 alli
877 2758 961 2843 plail
985 2760 1377 2831 mercenarium

182 2877 272 2944 suut,
290 2866 374 2950 puad
391 2866 590 2935 Democritus
608 2864 762 2932 Abderita
778 2868 866 2944 aliem
895 2882 927 2935 et
943 2878 1055 2937 mostra
1082 2880 1263 2954 mmpestate
1282 2872 1375 2936 etiam

181 2979 297 3062 aliqui,
319 2981 608 3055 sometiaruut,·aut
633 2980 782 3061 sortasse,
801 2982 830 3044 si
867 2981 912 3047 iii
944 2982 1022 3048 alios
1059 2983 1268 3057 lealitatares,
1297 2981 1374 3046 alias

181 3091 292 3164 urbes,
314 3091 391 3157 alios
409 3092 614 3173 mapistratus
634 3091 824 3156 comtituere
847 3091 1024 3158 absurdum
1040 3093 1199 3169 videatur,
1212 3109 1287 3156 eam
1312 3108 1373 3156 esse

183 3218 313 3280 opacam
331 3202 507 3283 puaudam,
528 3210 557 3266 et
580 3201 687 3267 Terra
704 3201 880 3267 adsimilem
900 3221 1054 3278 massam,
1072 3204 1127 3269 sed
1148 3202 1372 3286 asperitatem

183 3317 213 3373 et
240 3312 442 3391 aufractibus
470 3313 617 3389 obsitam,
637 3332 675 3379 ae
704 3313 733 3378 si
761 3313 938 3380 dixerimus
967 3316 1125 3396 iupeutem
1144 3316 1323 3398 pumicem,
1342 3321 1378 3376 ut

182 3420 318 3502 Diopeui
343 3423 473 3503 plcpsieo
500 3427 621 3506 placuit
640 3424 743 3510 (quad
770 3442 847 3490 aero
874 3422 1014 3489 adsimile
1044 3442 1111 3489 uase
1141 3432 1187 3488 est
1188 3423 1224 3510 ),
1248 3442 1322 3489 cum
1338 3420 1378 3485 ai

182 3533 377 3615 iupeutibus,
400 3552 478 3616 puae
508 3538 633 3617 recipit,
669 3533 752 3600 Salis
782 3533 910 3600 astibus
940 3542 985 3599 tat
1014 3535 1127 3599 seculis
1149 3533 1300 3600 ambusta
1324 3532 1379 3603 sit,

182 3653 277 3727 atpue
306 3664 377 3710 eam
415 3648 462 3711 ita
500 3644 583 3710 Solis
622 3662 834 3726 permauam,
873 3654 910 3710 ut
939 3642 1099 3724 πυρολίθους
1128 3644 1206 3727 jure
1239 3641 1376 3728 appella·

182 3758 299 3832 rimus,
321 3775 393 3822 eum
414 3765 587 3839 utrumque
615 3757 657 3820 sit
684 3755 762 3838 lapis
787 3773 959 3830 aeeeusus,
992 3764 1028 3820 at
1055 3754 1113 3821 Sol
1147 3755 1225 3838 lapis
1251 3758 1376 3839 proprio

180 3865 284 3932 calore
313 3868 433 3948 ipuitus
462 3875 492 3931 et
520 3866 673 3941 camdem,
703 3865 800 3931 Luua
828 3884 902 3932 cere
931 3885 998 3931 uou
1021 3868 1167 3949 propria,
1197 3867 1254 3932 setl
1279 3864 1376 3931 Salis.-

182 3993 280 4057 puam
299 3979 488 4042 senteutiam
505 3978 552 4041 ita
569 3978 727 4042 mordicus
747 3978 849 4041 tepuit
867 3975 1097 4059 duaaaporas,
1117 3987 1153 4042 ut
1165 3996 1226 4060 pro
1237 3994 1277 4044 ea
1288 3996 1377 4043 esar·

185 4093 246 4149 um
274 4096 415 4167 oppetere
438 4106 503 4152 uau
527 4086 693 4152 dubitarit.
718 4085 792 4152 Nou
819 4091 897 4153 satis
915 4106 989 4153 aera
1018 4089 1098 4152 milti
1125 4090 1202 4164 erit,
1225 4086 1379 4155 Galilsum

184 4198 240 4262 loe
257 4196 374 4279 duplici
390 4215 522 4264 muuere
542 4197 706 4263 Mercurio
723 4199 876 4281 aqualem
893 4198 1032 4273 eredere,
1057 4199 1119 4264 uisi
1137 4201 1235 4265 etiam
1252 4202 1380 4266 tertium

184 4326 225 4371 ex
239 4306 375 4374 Haesura
390 4309 520 4373 addam:
537 4309 644 4386 veluti,
655 4312 750 4384 euim,
763 4309 920 4375 Homerus
933 4309 1133 4376 Mercurium
1143 4315 1241 4395 fiuxit
1260 4313 1304 4378 ad
1321 4321 1381 4377 tres

186 4420 269 4485 Deae
284 4439 413 4503 portum
432 4423 537 4486 teelisse
548 4420 724 4503 petlellriori
739 4420 894 4495 claudum,
910 4430 1006 4504 otpue
1016 4423 1172 4504 producta
1187 4424 1224 4489 ise
1239 4424 1377 4489 medium
