3096 5154
430 370 573 419 currens
592 369 724 417 mronso
742 369 821 416 occu
841 366 979 417 nicenis
998 367 1105 415 somn
1293 350 1357 417 111

179 527 228 574 cos
246 510 280 572 in
300 509 348 571 liis
364 514 407 571 tot
422 507 603 590 corporibus
617 524 775 589 reponere.
795 505 900 572 Terra
916 525 989 571 nero
1003 506 1195 588 splendorem
1208 509 1360 591 reflexum

178 618 314 700 aliquem
332 637 398 684 non
415 628 545 699 qrauote
564 619 721 682 concedat.
740 616 946 682 Nam‘sidera
964 619 1025 682 ista
1044 617 1162 682 solaria
1178 619 1240 683 ltoec
1254 623 1362 685 omnia

177 729 322 810 suadent·
332 728 593 810 quemadmodum
603 735 632 790 et
647 727 725 790 illud
739 730 891 801 innuunt,
906 727 1098 808 splendorem
1114 728 1203 791 illunc
1219 730 1254 791 in
1268 727 1363 792 Luna

178 839 297 920 eclipsis
317 848 452 921 tempore
469 840 589 911 uisum,
609 855 672 901 esse
689 837 795 901 radios
814 836 895 901 Solis
915 836 1042 902 Lunam
1057 837 1245 903 subobscure
1268 858 1365 921 pene-

179 956 317 1012 trantes:
335 947 419 1030 quod
436 966 514 1011 num
532 949 632 1012 asseri
648 948 793 1029 fortassis
812 966 877 1011 non
895 950 991 1012 etiam
1004 950 1103 1030 possit
1121 948 1157 1012 de
1178 948 1245 1014 luce
1264 949 1366 1016 Luna

181 1076 270 1122 noum
281 1057 479 1130 secundaria,
492 1056 623 1120 dulium
634 1058 745 1120 merito
755 1058 870 1138 luerit:
881 1060 984 1122 stellas
995 1060 1090 1122 etiam
1101 1079 1166 1124 non
1176 1061 1367 1144 improbabi-

181 1167 253 1232 liter
270 1169 437 1232 rumorum
451 1185 515 1231 esse
532 1155 724 1251 fiqura'rum,
737 1169 890 1232 rotundas
903 1177 1009 1232 autem
1019 1187 1169 1252 apparere
1177 1181 1306 1255 propter
1316 1172 1368 1236 lu-

182 1297 257 1343 men
266 1287 296 1341 et
306 1279 498 1351 distantiam,
510 1280 593 1342 sicut
604 1279 785 1359 experimur
796 1279 831 1341 in
842 1279 971 1342 candela
983 1297 1123 1353 accensa,
1137 1282 1229 1362 cujus
1238 1282 1367 1364 {lamma

185 1391 309 1454 eminus
320 1396 481 1471 conspecta
492 1389 645 1470 splamca
655 1389 789 1462 uidetur,
795 1390 937 1452 cominus
948 1391 1234 1471 pqrumidalis,sioe
1248 1394 1367 1457 conica

189 1554 193 1558 .
272 1499 427 1563 Pluribus
444 1498 534 1564 modo
552 1498 661 1562 lutens
679 1499 878 1581 supersedeo:
897 1501 961 1563 liae
979 1500 1073 1563 ctiam
1093 1499 1232 1567 arbitror
1250 1510 1370 1566 utcun-

185 1628 244 1692 que
263 1612 469 1692 satisfactura
484 1610 591 1674 lectori
605 1608 799 1690 intelliqenti.
814 1608 898 1674 Nam
912 1628 984 1674 cum
999 1608 1114 1692 duplex
1127 1611 1314 1677 amulorum
1328 1614 1370 1677 sit

185 1739 298 1802 qenus,
317 1720 398 1799 alter
415 1739 537 1794 eorum,
556 1721 626 1801 qui,
645 1738 717 1783 cum
736 1739 801 1783 non
815 1721 936 1802 possint
955 1721 1015 1802 ipsi
1023 1716 1180 1802 'preclare
1195 1722 1370 1804 quidquam

181 1840 348 1914 prostare,
363 1831 520 1913 praclara
537 1849 669 1913 quaque
684 1831 969 1912 quomodocumque
985 1839 1137 1912 carpunt5
1151 1831 1276 1896 illorum
1290 1832 1371 1896 alte-

186 1959 274 2017 rum,
291 1942 361 2022 qui,
381 1959 454 2005 cum
464 1943 587 2023 possint
602 1941 732 2004 sednon
747 1942 894 2023 fecerint,
909 1959 999 2014 mou,
1012 1949 1048 2004 ut
1063 1940 1140 2006 alios
1155 1942 1278 2023 insiqne
1294 1944 1372 2024 quid

188 2061 320 2117 tentasse
343 2051 616 2122 animadvertunt,
640 2050 788 2116 aduolant
809 2051 871 2132 ipsi
891 2059 920 2113 et
942 2052 1099 2125 involant,
1123 2059 1160 2114 ut
1181 2053 1288 2115 aliena
1313 2071 1370 2117 ru-

184 2164 292 2245 piant:
314 2169 463 2242 utrosque
485 2160 526 2224 ab
549 2180 638 2242 opere
660 2170 768 2224 nostro
790 2178 882 2224 arceo
904 2162 962 2224 isac
988 2160 1126 2242 epistola.
1154 2159 1259 2225 Primi
1288 2163 1372 2224 enim

185 2274 299 2354 priora
315 2289 381 2335 non
397 2279 547 2351 aequent,
565 2274 593 2334 si
608 2271 664 2334 ltoc
682 2271 893 2353 supplemento
906 2270 1056 2352 pleraque
1070 2273 1211 2353 perfecta
1229 2279 1374 2343 cernent:

184 2383 337 2466 postremi
357 2400 422 2462 uqa
444 2383 507 2447 ltac
528 2382 589 2446 sibi
611 2381 821 2462 arroqabunt,
844 2381 872 2443 si
892 2379 1040 2461 pleraque
1063 2381 1195 2444 dicenda
1217 2380 1314 2454 dictu,
1344 2389 1373 2444 et

187 2491 338 2573 pleraque
353 2491 525 2572 objicienda
538 2492 639 2556 soluta
653 2490 846 2573 spectabunt.
867 2489 965 2562 liade,
982 2508 1054 2553 cum
1065 2492 1295 2570 pltoenomenou
1317 2493 1373 2554 leoc

190 2600 288 2664 multo
302 2600 407 2682 majus
421 2619 519 2683 quam
532 2603 689 2684 quispiam
703 2600 794 2682 [acite
809 2603 1000 2682 suspicetur,
1026 2600 1285 2682 quemadmodum
1297 2618 1375 2681 pro-

190 2727 301 2790 qrcssu
325 2712 392 2793 ipso
416 2711 582 2792 iutelliqes,
596 2711 720 2791 etjam,
737 2712 800 2774 nisi
814 2710 921 2791 fallor,
936 2718 1039 2774 mente
1053 2711 1258 2792 saqacissima
1269 2712 1375 2792 peroi-

186 2823 250 2902 pie,
272 2824 313 2886 rit
330 2823 496 2904 futurum,
515 2823 630 2902 cuique
648 2822 786 2905 (judicio
800 2839 867 2884 meo
886 2829 915 2884 et
932 2838 1006 2902 pace
1026 2828 1132 2884 tumen
1145 2818 1300 2904 aliorum)
1315 2836 1375 2901 par

190 2940 348 2997 ostensum
360 2934 402 2996 sit
417 2931 554 3005 nullum,
570 2951 670 3014 neque
685 2933 830 3013 fortassis
845 2934 942 2995 etiam
956 2932 1198 2996 ostendendum:
1214 2931 1376 2993 maturavi
1478 2981 1483 2992 .

192 3043 248 3105 hae
271 3041 312 3104 ad
335 3051 363 3105 te
386 3042 523 3116 litteras,
554 3044 644 3124 lonqo
660 3043 731 3123 jam
761 3051 894 3124 tempore
924 3051 1041 3118 coc-tas,
1066 3043 1244 3122 prasertim
1272 3039 1397 3120 quoad*

189 3153 314 3232 priora,
342 3160 379 3215 ut
407 3170 473 3226 eas,
501 3155 550 3218 uti
572 3155 708 3235 priores,
732 3153 822 3218 cedro
844 3152 964 3222 illinus,
988 3160 1017 3213 et
1040 3153 1122 3214 lianc
1145 3149 1269 3231 qualem
1293 3147 1377 3213 Ger·

194 3263 309 3327 mania
338 3271 453 3328 nostru
483 3271 606 3344 tuaque
636 3262 790 3344 Auqusta
819 3262 951 3342 qloriam
972 3278 1075 3323 seroes
1097 3258 1272 3323 illibatam:
1294 3260 1378 3342 quod

195 3382 265 3437 tum
285 3375 354 3457 fieri
379 3375 496 3458 conlido
521 3393 623 3456 posse,
649 3377 678 3438 si
704 3375 797 3437 editio
822 3374 941 3436 diutius
970 3389 1172 3452 nequaquam
1198 3369 1376 3453 differatur.

192 3483 297 3548 Paria
314 3491 371 3548 aut
388 3484 514 3566 majora
532 3486 580 3548 liis
594 3486 774 3567 propediem
792 3501 813 3546 a
830 3501 878 3545 me
898 3481 1033 3545 dolciis.
1052 3480 1128 3544 Hac
1151 3490 1275 3562 quanta
1297 3483 1375 3553 sint,

193 3603 303 3676 etqua
321 3592 466 3668 tendant,
487 3612 555 3657 una
572 3613 693 3658 mecum
711 3593 952 3666 animaduertis;
971 3591 1054 3655 unde
1075 3591 1179 3665 timeo,
1199 3593 1264 3680 nisi
1285 3575 1379 3656 antc-

194 3711 314 3779 oertas,
335 3723 352 3767 c
373 3704 522 3767 manlius
545 3722 583 3767 ea
605 3706 721 3768 nostris
741 3723 820 3785 pene
843 3711 1002 3768 extortum
1024 3703 1083 3766 iri:
1102 3702 1169 3764 uiso
1188 3703 1273 3765 enim
1291 3710 1379 3765 tanto

193 3817 239 3879 rei
262 3814 393 3893 hujusce
416 3815 518 3889 cuitu,
542 3804 759 3881 Mathematici
781 3834 846 3878 non
869 3816 929 3878 erit
951 3821 988 3876 ut
1005 3831 1036 3875 se
1056 3811 1261 3875 contineant:
1278 3814 1380 3875 conti-

194 3922 314 3988 nebunt
333 3932 451 3998 autem,
471 3927 498 3990 si
516 3935 605 3990 tauto
623 3943 644 3988 a
663 3925 750 3988 nobis
769 3924 891 3989 relictos
909 3921 1074 3987 interuallo
1091 3930 1186 3984 semet
1207 3921 1381 4003 perpende-

195 4037 277 4108 rint,·
294 4041 323 4097 et
341 4035 387 4097 sic
405 4035 453 4098 uel
469 4053 530 4099 sua
548 4045 576 4099 et
592 4039 723 4117 propria
738 4043 896 4117 promem,
915 4032 963 4097 ocl
981 4040 1061 4095 certe
1079 4031 1184 4095 aliena
1203 4048 1268 4093 non
1286 4048 1381 4095 arro-

195 4143 326 4225 qalunt.
349 4140 440 4221 Quod
454 4148 620 4228 prodidere
636 4165 730 4228 penes
751 4155 778 4208 tc
797 4154 840 4208 est
861 4153 968 4209 totum.
987 4141 1090 4207 Fauii
1109 4140 1211 4215 Deus,
1230 4149 1280 4215 ut,
1300 4142 1382 4206 sicut

195 4256 260 4319 dac
282 4258 446 4338 coepimus,
470 4258 516 4320 ito
538 4260 574 4320 in
596 4257 728 4337 qloriam
751 4257 888 4320 nominis
915 4255 966 4316 sui
992 4253 1125 4336 feliciter
1151 4269 1382 4334 prosequamur

195 4367 416 4451 finiamusque.
445 4368 529 4441 Vale,
556 4369 608 4431 Vir
626 4369 828 4449 amplissime,
850 4367 1056 4431 litteratorum
1075 4362 1231 4428 Moccnas
1253 4361 1381 4440 rssrsnifi-

195 4481 381 4573 oculissime.
404 4477 489 4543 XVI
499 4480 650 4561 pan-uarii
670 4479 765 4544 1612.

281 4585 404 4644 euscio
423 4588 665 4645 Genesi-Tou.
686 4587 739 4641 lll.
759 4590 763 4599 '
1185 4581 1230 4634 28‘
