3096 5154
586 351 817 404 esruosourcus
839 351 965 400 sonorus
1325 337 1366 404 63

184 495 260 557 ante
278 506 339 555 nos
355 490 537 557 observata
555 490 702 557 merant:
726 491 933 573 exipsorum
955 493 1068 556 autem
1091 491 1211 572 sapius
1238 493 1365 559 iteratis

180 602 453 683 inspectionibus,
471 601 506 665 in
525 617 601 666 eam
618 600 752 669 deducti
769 619 883 669 sumus
905 603 1118 678 sententiam,
1139 606 1178 667 ut
1199 607 1290 667 certo
1312 606 1365 669 io-

183 713 387 795 telligamus,
418 712 521 778 Lunae
550 711 779 795 superficiem,
808 730 876 779 non
904 712 1122 796 perpolitam,
1151 712 1366 794 aequabilem,

180 823 464 904 exactissimaeque
482 821 712 905 sphaericitatis
730 823 887 898 existere,
903 829 942 889 ut
959 840 1081 906 magna
1097 824 1365 906 pbilosophorum

180 933 299 999 cohors
315 932 357 999 de
374 933 461 1014 ipsa,
478 932 583 1014 deque
600 933 735 1014 reliquis
747 934 943 1016 corporibus
955 935 1143 1001 coelestibus
1157 935 1293 1017 opinata
1306 942 1367 1010 est,

180 1042 238 1108 sed
270 1049 387 1111 contra
415 1045 633 1125 inequalem,
662 1061 833 1125 asperum,
862 1046 1084 1123 caritatibus,
1114 1046 1365 1129 tumoribusque

179 1154 379 1231 consertam,
396 1171 465 1219 non
482 1171 577 1221 secus
600 1171 640 1219 sc
670 1155 842 1236 ipsiusmet
865 1155 1006 1221 Telluris
1035 1156 1150 1233 iacies,
1176 1173 1251 1237 quae
1269 1175 1367 1222 mon-

179 1264 265 1329 tium
288 1264 379 1346 jugis
404 1264 609 1346 valliumque
630 1265 910 1347 profunditatibus
937 1267 1015 1331 binc
1044 1266 1121 1332 inde
1142 1267 1366 1350 distinguitur.

182 1375 393 1456 Apparentiae
424 1393 527 1452 vero,
554 1395 598 1443 ex
625 1378 745 1460 quibus
775 1378 847 1445 boec
875 1379 1031 1461 colligere
1059 1378 1175 1457 licuit,
1203 1380 1366 1462 ejusmodi

181 1491 268 1553 saut.

272 1595 415 1675 Quarta,
433 1603 492 1665 out
507 1600 624 1681 quinta
639 1604 713 1682 post
729 1600 996 1682 conjunctionem
1010 1600 1078 1678 die,
1091 1620 1170 1667 cum
1186 1601 1365 1684 splendidis

179 1705 274 1773 Luna
292 1724 363 1774 sese
380 1709 475 1775 uobis
489 1709 856 1792 cornibusoliert,1am
870 1711 1033 1777 terminus
1045 1715 1175 1793 partem
1189 1713 1365 1779 obscuram

177 1817 381 1885 aluminosa
399 1819 565 1896 dividens,
582 1836 651 1886 uon
668 1820 875 1901 equabiliter
893 1820 1076 1887 secundum
1094 1822 1226 1887 evalem
1242 1822 1364 1887 lineam

177 1930 383 2007 extenditur,
408 1931 515 1999 veluti
544 1931 580 1997 iu
609 1929 714 1997 solido
741 1929 881 2012 perlecto
910 1929 1073 2012 spherico
1100 1931 1281 2007 accideret3
1310 1930 1366 1994 sed

178 2039 386 2122 inrequabili,
414 2058 532 2124 aspera
552 2047 586 2107 et
604 2041 783 2109 admodum
805 2041 941 2109 sinuosa
962 2041 1051 2107 lineo
1073 2042 1281 2124 designatur,
1304 2059 1364 2107 ve-

180 2149 243 2214 luti
266 2153 417 2233 apposita
443 2153 553 2237 figura
573 2157 789 2236 repraesentat
813 2148 910 2237 (Tab.
928 2152 959 2230 1,
986 2153 1057 2235 lig.
1075 2151 1153 2239 lll):
1176 2153 1363 2236 complures

181 2259 271 2323 enirn
296 2260 403 2325 veluti
431 2265 664 2329 excrescentia
693 2262 811 2330 lucida
830 2263 921 2328 ultra
946 2263 1053 2338 lucis,
1085 2265 1362 2346 tenebrarumque

180 2367 328 2432 confinia
345 2369 381 2432 in
398 2375 527 2450 partem
553 2371 729 2437 obscuram
757 2372 997 2448 extenduntur,
1019 2376 1053 2436 et
1073 2377 1192 2438 contra
1217 2372 1364 2437 tenebri-

179 2496 266 2547 ccsae
284 2481 457 2562 particulae
475 2481 564 2547 lutra
581 2481 693 2549 lumen
711 2480 953 2565 ingrediuntur.
967 2479 1174 2558 Quinimmo,
1191 2487 1225 2546 et
1242 2499 1364 2563 magna

178 2592 415 2675 nigricantium
433 2591 644 2659 macularum
666 2593 864 2674 exiguarum
880 2592 988 2674 copie,
1002 2592 1139 2657 omnino
1156 2592 1365 2658 atenebrosa

176 2708 271 2786 perte
287 2705 533 2784 separatarum,
549 2705 657 2767 totam
674 2700 743 2767 iere
760 2702 893 2784 plegem
905 2701 977 2784 jam
1000 2701 1086 2769 Solis
1105 2703 1231 2768 lumine
1253 2702 1367 2784 perfu-

179 2831 251 2880 sam
272 2813 492 2896 undequaque
520 2811 723 2895 conspergit,
751 2811 811 2877 illa
836 2813 955 2879 eutem
984 2819 1124 2896 excepta
1151 2817 1260 2896 perte,
1287 2830 1361 2895 quae

178 2925 311 3007 magnis
335 2928 369 2989 et
391 2923 537 3005 antiquis
564 2924 707 2991 maculis
725 2925 775 2988 est
805 2919 934 2987 adacta.
961 2923 1206 2989 Adnotarimus
1235 2927 1364 2996 autem,

179 3033 279 3098 modo
295 3032 402 3098 dictas
419 3034 559 3114 exiguos
575 3033 738 3109 maculas,
757 3032 793 3097 in
810 3031 874 3098 boc
891 3049 1035 3114 semper,
1056 3038 1089 3097 et
1108 3048 1221 3096 omnes
1242 3047 1365 3096 conve-

180 3143 268 3216 nire,
285 3147 325 3208 ut
341 3147 470 3223 perlem
487 3141 632 3207 babeant
649 3142 869 3224 nigricantem
884 3142 998 3207 locum
1021 3141 1106 3207 Solis
1124 3142 1366 3223 respicientem

182 3268 226 3316 ex
243 3251 384 3317 adverso
400 3257 512 3320 autern
530 3251 615 3318 Solis
632 3252 851 3318 lucldioribus
864 3252 1026 3328 terminis,
1040 3251 1136 3333 quasi
1152 3251 1368 3318 candentibus

178 3361 270 3445 jugis
286 3366 496 3429 coronentur.
513 3363 558 3427 At
578 3363 785 3428 consimilem
805 3363 937 3444 penitus
958 3367 1128 3444 aspectum
1148 3361 1310 3428 babemus
1330 3363 1367 3427 in

180 3473 281 3539 Terra
298 3471 388 3538 circa
400 3472 484 3539 Solis
498 3478 664 3550 exortum,
678 3473 760 3538 dum
777 3474 883 3540 valles
898 3472 1048 3541 nondum
1063 3473 1188 3538 lumine
1205 3472 1366 3554 perfusas,

177 3590 309 3650 montes
324 3602 407 3650 vero
424 3585 500 3649 illas
516 3602 560 3650 ex
577 3585 718 3651 adverso
735 3584 821 3651 Solis
838 3583 1082 3651 circumdantes
1087 3583 1158 3665 ium
1169 3582 1243 3665 iam
1257 3583 1366 3664 splen·

176 3696 255 3761 dore
269 3695 432 3778 fulgentes
446 3696 628 3762 intuemur:
644 3713 683 3761 ac
697 3695 804 3762 veluti
820 3695 1026 3761 terrestrium
1039 3693 1224 3759 cavitutum
1238 3692 1367 3758 umbrae

177 3807 253 3874 Sole
271 3806 465 3872 sublimiora
486 3810 617 3888 petente
639 3790 898 3881 imminuuntur,
919 3805 969 3870 ita
990 3808 1023 3868 et
1044 3803 1178 3868 lunares
1195 3803 1267 3868 istae
1288 3818 1364 3866 ma-

176 3918 277 3994 culae,
293 3922 462 3982 crescente
479 3922 573 3998 parte
589 3915 770 3993 luminosa,
788 3916 940 3981 tenebras
957 3915 1127 3979 amittunt.

264 4028 390 4094 Verum
407 4044 474 4093 non
492 4028 592 4092 modo
609 4027 821 4092 tenebrarum
838 4029 871 4090 et
900 4025 1037 4091 luminis
1053 4023 1201 4089 confinia
1218 4023 1253 4087 in
1269 4020 1363 4087 Luna

178 4139 358 4222 inaqaalia
386 4156 426 4204 ac
446 4139 580 4204 sinuosa
596 4141 794 4212 ceraunium
813 4135 885 4213 sed,
902 4135 992 4218 quod
1009 4126 1173 4218 maiorem
1189 4131 1290 4196 infert
1308 4127 1368 4195 ad-

176 4251 403 4327 mirationem,
420 4249 592 4332 permulta
610 4253 769 4333 apparent
784 4247 904 4314 lucida
927 4246 1080 4330 cuspides
1100 4245 1190 4310 intra
1211 4240 1364 4309 tenebre·

147 4377 157 4395 f
178 4375 249 4422 sam
260 4358 363 4425 Lunae
380 4365 519 4442 partem,
539 4360 675 4424 omnino
685 4359 727 4424 ab
738 4360 929 4425 illuminata
939 4359 1037 4440 plaga
1047 4356 1163 4422 divisae
1179 4359 1213 4418 et
1230 4348 1365 4415 avulsae.

179 4470 222 4533 ab
233 4487 337 4553 eaque
347 4488 414 4538 non
424 4489 484 4556 per
495 4472 651 4556 exiguam
662 4471 942 4554 intercapedinem
953 4469 1092 4541 diasitre,
1108 4481 1183 4549 quoe
1193 4451 1365 4546 paullatim
