3096 5154
586 344 815 394 asmouorucos
838 345 964 392 uuucrus
1319 326 1365 392 83

185 488 288 558 xime;
305 488 338 547 et
356 483 457 550 Stella
470 483 548 548 lovi
563 482 719 559 vicinior,
737 483 872 563 reliquis
890 481 1019 548 duabus
1036 483 1246 564 sequentibus
1259 486 1367 548 minor

185 594 374 677 apparebat:
393 609 571 673 omnesque
589 592 625 656 in
646 591 761 656 eadem
790 596 881 656 reeta
909 592 1073 673 exquisite
1091 592 1255 674 dispositae
1273 593 1367 656 vitle-

183 707 316 771 bantur.

271 812 332 880 Die
361 811 637 893 vigesimatertia,
668 811 752 874 hora
771 811 791 874 0
810 813 892 875 min.
920 811 963 875 lb
991 813 1032 875 ah
1063 829 1200 884 occasu,
1229 810 1262 872 in
1280 811 1369 875 huno

182 925 286 991 ferme
303 923 439 987 modum
459 920 636 987 Stellarum
653 923 849 987 constitutio
868 940 902 987 se
919 923 1045 987 babuit.
1064 922 1168 986 Erant
1181 927 1247 984 tres
1261 918 1370 985 Stella

182 1052 262 1101 oum
279 1034 363 1099 Jove
380 1034 415 1097 in
433 1038 525 1096 reeta
542 1031 632 1095 linea
653 1032 835 1097 secundum
851 1033 978 1098 zodiaci
994 1032 1249 1114 longitudinem,
1266 1031 1371 1095 veluti

189 1267 270 1358 or.
543 1264 587 1351 a
703 1223 912 1430 a&
1021 1265 1067 1351 a
1259 1264 1367 1356 000.

184 1546 311 1612 semper
329 1529 479 1595 luerunt:
509 1528 686 1593 orientales
712 1532 808 1592 erant
839 1527 929 1601 (luae,
957 1543 1026 1590 una
1047 1542 1129 1591 vero
1148 1522 1371 1589 occidentalis.

183 1636 385 1705 Orientalior
404 1639 518 1703 aberat
534 1657 554 1702 a
572 1620 721 1720 sequenti
739 1638 819 1700 min.
830 1655 880 1719 pr.
893 1636 931 1713 7,
945 1638 1017 1701 baeo
1034 1652 1115 1700 vero
1130 1652 1151 1698 a
1164 1635 1248 1698 Jove
1259 1631 1371 1697 mint

182 1765 247 1813 soe.
266 1746 321 1812 lt).
337 1749 488 1833 luppiter
506 1748 549 1812 ab
567 1748 765 1813 occidentali
783 1747 864 1811 min.
885 1744 905 1809 3
923 1764 988 1811 seo.
1007 1744 1066 1821 20,
1085 1748 1244 1825 erantque
1259 1758 1374 1806 omnes

181 1859 410 1940 magnitudine
429 1858 497 1922 tere
516 1859 669 1940 aequales.
688 1858 751 1923 Sed
768 1858 853 1922 bora
882 1858 1014 1939 quinta,
1044 1855 1118 1922 dua
1150 1854 1275 1927 Stella,
1296 1868 1370 1934 quar

182 1969 274 2051 prius
292 1969 368 2034 lovi
387 1974 483 2033 erant
501 1968 676 2052 proxima,
695 1967 837 2048 amplius
855 1984 922 2031 nou
940 1967 1180 2039 cernebantur,
1198 1963 1259 2029 sub
1273 1962 1370 2036 love,

182 2084 221 2145 ut
239 2079 395 2157 arbitror,
415 2079 598 2154 latitantes;
617 2078 744 2159 luitque
762 2077 839 2142 talis
857 2081 1027 2159 aspectus:

190 2304 271 2396 er.
649 2305 694 2390 s
798 2263 900 2468 Θ
1259 2304 1367 2395 000.

271 2564 332 2629 Die
348 2564 629 2646 vigesimaquarta
647 2570 714 2629 tres
732 2564 853 2641 Stellae,
866 2568 1044 2631 orientales
1053 2582 1179 2641 omnes,
1193 2566 1274 2629 visse
1284 2571 1374 2641 sunt,

182 2693 221 2740 ao
239 2676 306 2740 lere
326 2676 360 2738 in
379 2675 494 2738 eadem
513 2693 591 2739 oum
609 2674 692 2738 Jove
710 2682 802 2739 recta
820 2677 925 2752 linea;
943 2677 1055 2740 media
1074 2677 1163 2741 euim
1185 2675 1314 2740 modice
1336 2675 1372 2738 in

181 2787 342 2851 Austmm
360 2784 565 2850 dolleotobut.
580 2784 655 2850 tovi
669 2785 884 2867 propinquior
903 2787 1048 2852 distabat
1062 2786 1106 2851 ab
1120 2803 1161 2851 eo
1172 2786 1254 2850 min.
1270 2783 1306 2861 2,
1319 2801 1372 2849 se-

186 3016 267 3105 er.
556 3016 600 3102 a
715 3016 759 3103 a
779 3016 822 3104 a
906 2977 1009 3180 Qu)
1261 3016 1369 3106 occ.

180 3291 286 3357 quens
303 3274 345 3338 ab
363 3274 425 3340 hae
454 3275 535 3339 min.
555 3275 576 3339 0
594 3293 659 3341 see.
681 3274 740 3352 30,
765 3279 807 3342 ab
828 3279 891 3341 lrao
923 3293 1006 3341 vero
1035 3277 1149 3340 aberat
1178 3276 1371 3341 orientalior

180 3385 260 3450 min.
278 3385 314 3463 9,
334 3391 493 3469 erantque
513 3389 627 3452 omnes
645 3387 1034 3468 admodumsplemlielae.
1058 3386 1150 3451 Hora
1167 3404 1248 3451 vero
1277 3394 1371 3451 sexta

181 3495 255 3560 duae
283 3497 491 3561 solummodo
520 3515 590 3562 sese
618 3499 798 3562 offerebant
829 3497 937 3564 Stella
957 3497 992 3561 in
1008 3497 1072 3562 hoo
1100 3498 1224 3578 positu:
1254 3515 1371 3579 nempe

179 3623 258 3671 eum
276 3606 359 3671 Jove
375 3608 410 3671 in
427 3608 543 3673 eadem
561 3616 654 3676 recta
681 3609 769 3674 linea
788 3608 830 3673 ad
847 3627 1013 3692 unguem,
1032 3626 1052 3674 a
1069 3627 1136 3691 quo
1154 3609 1370 3691 elongabatur

184 3842 263 3933 or.
606 3840 648 3927 a
758 3799 960 4005 a&
1255 3839 1363 3930 occ.

177 4105 392 4187 propinquior
409 4105 489 4170 min.
507 4123 556 4188 pr.
576 4102 611 4180 3,
632 4105 737 4169 altera
752 4122 835 4169 vero
852 4106 895 4169 ab
908 4104 971 4168 bae
987 4104 1070 4169 min.
1084 4122 1134 4187 pr.
1149 4102 1185 4168 8:
1202 4105 1237 4168 in
1252 4121 1368 4176 unam,

177 4214 213 4277 nl
229 4214 341 4292 fallor,
360 4218 509 4281 coierant
527 4216 601 4283 (luae
620 4216 738 4280 medie
757 4216 848 4298 prius
865 4216 1049 4281 observata
1068 4216 1225 4282 Stellulae.

267 4323 326 4389 Die
343 4326 635 4409 vigesimaquinta‚
648 4328 731 4392 bora
749 4325 766 4391 1
785 4327 865 4391 min.
884 4325 945 4402 40,
964 4327 1011 4391 ita
1030 4344 1063 4391 se
1082 4327 1224 4392 babebat
1243 4323 1368 4389 consti-

180 4433 282 4498 tutio:
314 4437 452 4503 aderant
480 4437 568 4503 enim
598 4438 671 4503 dua
699 4443 831 4504 tantum
862 4437 970 4505 Stellae
1000 4455 1044 4504 ex
1073 4438 1229 4504 orientali
1255 4435 1367 4514 plaga,
