3096 5154
500 354 538 399 mc
563 352 767 401 ennuoueuss
791 353 821 398 m·
844 351 922 398 osse
947 350 1033 398 suum
1294 336 1360 403 269

178 490 319 560 naturali
335 491 482 555 camunti
500 490 653 571 competit.
677 485 828 563 Quinimo
847 507 912 552 nau
935 488 1034 557 talum
1053 489 1137 552 bunc
1155 496 1272 551 motum
1295 491 1361 553 cir-

177 602 315 669 cularem
332 600 487 664 diurnum
505 600 534 664 ei
554 598 753 665 tribuendum
771 606 881 680 putat,
903 599 1126 662 verumetiam
1148 597 1282 661 alterum
1299 616 1362 662 an-

176 729 291 786 nuum,
322 712 380 793 qui
409 708 456 772 illi
481 710 624 790 competit
651 717 813 801 tamquam
841 710 900 771 uni
929 725 971 772 eu
995 709 1106 771 astris:
1134 713 1363 787 contraquam

176 822 363 885 sententiam
380 820 428 882 ito
446 835 557 898 atquo.
574 816 673 892 ttoa,
692 818 776 898 quoa
793 826 912 881 natura
928 818 1032 898 [ertur
1047 818 1082 880 in
1096 815 1233 897 aliquem
1248 816 1362 889 locum

176 938 290 1012 prater
307 935 461 995 naturam
488 928 619 1009 quiescit
647 936 742 993 extra
769 926 857 991 illum
887 928 1004 999 lacum:
1034 925 1087 989 sed
1116 923 1217 991 Terra
1245 935 1365 991 natura

177 1047 322 1107 mouetur
350 1037 509 1113 deorsum
541 1056 628 1118 erqo,
654 1046 770 1118 prater
797 1044 963 1109 naturam,
992 1036 1123 1118 quiescit
1143 1044 1237 1099 entra
1265 1034 1365 1099 laeum

179 1148 340 1221 tlrarrume
357 1147 440 1229 quod
455 1149 484 1211 si
496 1157 615 1229 prater
644 1156 796 1212 naturam
823 1148 954 1228 quiescit
976 1156 1069 1210 entra
1088 1146 1189 1209 lacum
1206 1146 1363 1219 deorsum,

179 1275 256 1339 erqo
272 1264 393 1333 natura
409 1259 541 1339 quiescit
558 1257 594 1320 in
614 1257 677 1321 loeo
695 1257 852 1321 deorsum.
865 1254 929 1320 Sed
944 1254 1132 1337 Coperniaus
1147 1256 1189 1320 aa
1203 1258 1258 1323 ltoc
1276 1256 1365 1329 dicet,

183 1384 296 1433 aerum
312 1385 388 1440 etse,
407 1367 494 1430 illam
512 1376 633 1431 natura
650 1369 805 1448 quiescere
823 1369 858 1430 in
879 1366 942 1431 loco
960 1367 1116 1439 deorsam,
1139 1367 1193 1431 reb
1209 1385 1275 1435 non
1288 1369 1367 1431 sim-

176 1476 316 1559 pliciter,
335 1485 363 1540 et
381 1476 523 1543 absoluta
540 1479 658 1559 quiete,
676 1496 787 1541 aerum
803 1479 904 1558 quiete
923 1479 1065 1559 apposita
1078 1480 1177 1542 motui
1192 1490 1254 1560 quo
1271 1486 1367 1542 antea

179 1587 377 1661 mouebatur,
408 1604 515 1668 nempe
542 1588 647 1670 quiete
675 1596 777 1652 motus
807 1588 962 1654 deorsum.
992 1585 1037 1650 At
1058 1589 1113 1652 boc
1132 1588 1213 1652 nibil
1228 1589 1366 1658 obstare,

157 1744 160 1750 .
181 1699 260 1779 quin
273 1698 404 1779 proprio
422 1696 486 1762 alio
507 1705 596 1761 nsotu
616 1706 794 1772 moueatur,
824 1716 932 1779 nempe
951 1697 1116 1771 circulari,
1135 1706 1163 1761 et
1181 1699 1237 1762 ttae
1253 1706 1367 1778 prater

181 1812 346 1879 naturam,
366 1815 478 1873 contra
494 1808 580 1889 quoa
595 1807 703 1872 multis
720 1808 818 1873 mobis
836 1827 954 1889 arpena:
971 1826 1045 1888 erqo
1063 1817 1182 1873 natura
1200 1807 1229 1871 T
1225 1826 1305 1873 erra
1323 1815 1367 1871 est

180 1915 409 2001 mitissima
424 1918 545 1999 Imma,
564 1927 593 1982 ct
610 1918 840 2002 simplicissima
856 1920 1006 1992 maurim
1034 1936 1107 1999 erqo
1141 1916 1241 1983 Terra
1268 1933 1368 1980 unam

174 2032 306 2092 ‘tantun
323 2026 416 2091 babet
433 2027 693 2110 simplicissimam
709 2032 881 2111 potentiam
903 2030 1030 2110 aqentli,
1060 2028 1280 2111 stipationem
1296 2045 1369 2109 erqo

183 2153 286 2201 uttam
302 2136 394 2201 labet
409 2138 671 2219 simplicissimam
689 2141 912 2221 operationem,
932 2148 961 2202 et
983 2158 1085 2204 unum
1108 2139 1371 2220 simplicissimum

186 2255 322 2321 anteum
339 2265 406 2311 non
423 2256 499 2323 tres,
516 2257 553 2313 ut
573 2247 763 2330 Capernicus
792 2249 838 2313 illi
867 2250 987 2314 tribuit.
1019 2249 1191 2322 Proterco,
1219 2250 1248 2312 si
1270 2246 1370 2311 Terra

187 2355 386 2423 circulariter
400 2366 541 2423 mouetur
558 2361 594 2423 in
608 2361 737 2441 proprio
755 2359 832 2432 loeo,
852 2369 927 2423 tunc
951 2378 1016 2423 non
1038 2378 1060 2423 o
1081 2368 1267 2440 qenerante,
1293 2359 1371 2438 quio

188 2472 256 2531 tata
280 2463 382 2530 Terra
408 2485 473 2545 npn
499 2478 686 2551 qeneraturs
717 2488 771 2533 nee
801 2470 907 2533 minus
937 2487 959 2533 a
987 2475 1162 2533 removente
1189 2467 1370 2547 prohibens.

185 2577 264 2659 quin
284 2578 341 2642 liae
370 2579 407 2661 qil
434 2578 469 2641 in
493 2578 693 2643 monentibus
720 2589 814 2644 cetra
837 2581 1001 2661 proprium
1026 2578 1142 2652 locum,·
1169 2596 1241 2659 erqo
1266 2594 1371 2640 mone-

185 2684 273 2752 bitur
285 2694 394 2769 sponte
422 2703 484 2751 sua
501 2695 569 2751 eta
597 2705 628 2751 se
659 2692 740 2770 ipsa,
771 2698 800 2752 et
829 2699 905 2755 tunc
923 2697 1072 2771 sequetur
1093 2687 1271 2771 difficultas,
1301 2704 1371 2767 qum

179 2797 372 2877 proponitur
404 2795 446 2860 ab
478 2794 643 2863 Aristotele
677 2809 785 2864 octavo
815 2799 959 2882 Pquric.,
993 2819 1101 2882 nempe
1129 2820 1199 2882 qua
1228 2802 1268 2864 sit
1295 2785 1371 2880 pars

183 2922 327 2983 mouens,
360 2915 390 2971 et
421 2925 493 2989 qua
514 2926 590 2989 pars
621 2918 723 2973 mota.-
751 2913 779 2975 si
808 2914 892 2975 enim
912 2930 987 2992 pars
1010 2930 1135 2976 movens
1173 2920 1217 2974 est
1252 2913 1371 2991 sarum,

186 3031 261 3094 erpo
287 3033 367 3097 pars
398 3026 484 3083 urata
517 3029 561 3083 est
594 3022 728 3084 materia
757 3023 883 3102 prima,
919 3042 991 3087 cum
1021 3023 1169 3086 elementa
1197 3019 1371 3084 immediate

186 3142 230 3189 ete
247 3128 382 3193 nunno
393 3131 501 3211 prima
520 3140 547 3193 et
564 3132 670 3212 [orma
691 3133 755 3196 sint
779 3135 954 3212 composita.
980 3131 1177 3211 Consequens
1199 3138 1306 3192 autem
1329 3138 1373 3191 est

187 3236 390 3319 impossibile:
406 3257 529 3304 omnem
547 3243 632 3305 enim
648 3251 768 3307 motum
786 3259 906 3306 necesse
925 3251 969 3305 est
987 3259 1050 3304 esse
1068 3243 1104 3303 in
1125 3249 1215 3312 actu,
1238 3241 1373 3304 neoterio

185 3354 295 3411 auum
317 3349 424 3430 prima
450 3352 579 3413 omuino
607 3362 651 3415 cst
676 3353 831 3433 potentia:
858 3359 1009 3431 praterea
1037 3351 1072 3413 in
1089 3352 1219 3432 proprio
1242 3349 1319 3421 loco,
1343 3357 1371 3409 et

183 3458 360 3523 secundum
377 3468 478 3524 totum
499 3462 697 3526 circulariter
724 3470 881 3532 remeetur:
912 3471 987 3525 tune
1012 3463 1193 3551 perenniter
1212 3463 1267 3525 noc
1284 3469 1371 3523 motu

181 3569 373 3645 movebitur,
391 3571 500 3635 emtum
528 3573 614 3654 apud
632 3573 868 3653 Peripateticos,
889 3574 944 3653 qui
967 3570 1098 3634 Terram
1121 3587 1296 3651 numquam
1318 3589 1372 3649 qa-

182 3682 288 3745 nitam
305 3682 480 3747 secuntum
498 3692 609 3756 totum,
629 3702 729 3764 neque
748 3685 920 3749 secuudum
941 3691 1039 3746 totum
1057 3680 1287 3762 corruptibilem
1304 3689 1372 3743 sta-

181 3799 297 3865 tuunt:
315 3810 405 3873 erqo,
423 3795 547 3876 infinito
567 3803 698 3874 tempore
712 3795 759 3856 ita
772 3793 956 3858 monebitur.
972 3790 1035 3856 seo
1050 3793 1104 3855 noo
1119 3800 1162 3853 est
1177 3789 1371 3870 impossibile,

181 3916 257 3983 erpo
280 3900 440 3984 probatur
468 3906 551 3986 quod
579 3907 618 3968 sit
647 3903 840 3985 impossibile.
872 3903 983 3967 Omnis
1013 3905 1134 3973 virtus,
1165 3921 1235 3982 quae
1264 3911 1307 3965 est
1338 3903 1372 3962 ln

183 4022 324 4094 quanto,
355 4024 401 4079 est
418 4024 684 4083 ,commensurata
712 4016 928 4097 quanto,sita
957 4021 993 4076 ut
1021 4015 1123 4077 uirtus
1152 4014 1279 4094 inputo
1307 4029 1373 4072 non

180 4128 278 4205 possit
296 4143 362 4191 esse
381 4130 416 4191 in
436 4136 558 4210 quanto
574 4129 678 4211 finita:
695 4127 748 4191 sed
765 4126 867 4193 uirtus
895 4123 1000 4189 Terra
1018 4135 1063 4187 est
1087 4126 1121 4186 in
1144 4131 1278 4204 quanto,
1301 4141 1373 4199 erqo

186 4246 461 4303 cmnmensurntur
479 4249 608 4320 quanto.
627 4238 670 4303 At
693 4238 794 4304 Terra
811 4246 855 4301 est
873 4244 1030 4319 quantum
1048 4238 1188 4318 firtituots
1211 4253 1284 4314 erqo
1306 4233 1373 4310 qius

188 4348 288 4411 uirtus
306 4358 350 4413 est
368 4352 477 4433 finita:
496 4353 548 4414 secl
568 4355 666 4417 uirtus
685 4354 775 4438 potito
792 4369 856 4416 non
874 4357 974 4431 potest
1000 4348 1118 4411 ruoceri
1143 4356 1274 4427 tantopore
1302 4345 1373 4421 tufi-

188 4460 271 4533 m'to;
287 4481 360 4543 erqo
379 4465 428 4528 bie
447 4473 562 4538 motus,
583 4478 639 4531 out
658 4476 735 4531 esta
758 4475 875 4530 unttsra
897 4460 924 4523 Τ
922 4478 1015 4531 erro,
1035 4468 1063 4521 rt
1081 4477 1143 4520 mm
1160 4465 1202 4518 ost
1215 4451 1370 4534 pto-eoois.
