3096 5154
175 226 217 292 68
578 232 806 283 asmonovrcns
828 230 972 279 nescim·

175 380 295 452 bentis,
307 374 474 454 duplicem
484 387 636 453 pansam,
648 387 686 434 ae
698 367 834 451 proinde
849 367 1016 450 duplieem
1034 364 1271 433 dubitationis
1289 367 1382 433 solu·

174 491 298 556 tionem
317 484 352 545 in
370 481 516 546 medinm
537 482 647 546 aliero.
667 480 778 545 Primo
795 481 901 553 enirn,
916 480 944 543 si
972 482 1120 543 tumores
1142 481 1185 542 et
1206 479 1382 545 navitate·
1431 504 1434 511 ·

176 601 210 661 in
227 610 365 674 corpore
387 593 496 657 lunari
513 592 696 659 seeundum
707 592 843 657 unicam
855 594 987 655 tantum
997 588 1117 655 eironli
1127 589 1380 672 peripherinn,

175 703 442 784 hemisphaerium
461 705 556 773 nobis
573 703 788 785 oonspionnm
807 701 1060 777 terminantem,
1074 700 1380 783 protenderentur

176 821 256 880 tuno
273 821 380 896 posset
396 814 544 896 quidem,
562 817 630 880 imo
647 813 779 879 deberet
798 812 894 878 Luna
912 812 973 878 sub
992 810 1215 894 speciequasi
1225 811 1379 879 denuit

177 929 257 989 rotae
275 941 310 989 se
328 942 362 989 se
378 925 473 989 nobis
490 924 677 1000 ostendere,
697 924 853 989 tuberone
869 940 1004 1005 nempe,
1024 938 1064 987 ao
1081 921 1228 988 sinuoso
1243 922 1380 991 ambitu
1433 972 1437 983 .

178 1035 369 1100 terminata:
389 1040 423 1100 nt
441 1036 469 1100 si
485 1053 551 1101 non
563 1052 629 1102 una
641 1040 771 1100 tanturn
783 1033 1040 1099 eminentiorum
1050 1031 1287 1115 sedendum
1296 1035 1383 1101 nnl-

171 1163 255 1212 ³nam
277 1146 484 1213 solummodo
512 1146 814 1211 circumferentiam
844 1145 1096 1228 dispositarum,
1121 1143 1182 1210 sed
1211 1146 1381 1229 permulti

179 1259 344 1324 montium
365 1259 498 1325 ordines
518 1275 597 1324 enm
619 1258 688 1323 suis
705 1257 835 1323 lacunis
857 1263 891 1322 et
913 1256 1120 1323 aniraetibus
1137 1256 1238 1322 eirea
1260 1263 1381 1324 extre-

178 1384 271 1435 mum
285 1369 386 1437 Lunae
406 1370 568 1436 ambitum
578 1369 763 1434 coordinati
774 1368 910 1442 inerint,
920 1368 1010 1449 iique
1021 1384 1088 1433 non
1099 1365 1203 1431 modo
1215 1366 1258 1433 in
1268 1368 1383 1435 berni·

180 1481 323 1564 spbaerio
335 1480 597 1564 apparente‚sed
609 1479 644 1544 in
656 1479 902 1556 aversoetiam,
914 1475 1157 1563 (propetamen
1167 1476 1383 1563 bemispbn-

177 1596 303 1661 riorum
318 1591 504 1679 finitorem)
525 1598 604 1658 tune
622 1592 742 1658 oonins
755 1609 776 1655 a
787 1589 1384 1673 longeprospieienseminentiarnn

177 1707 426 1786 novitatumque
441 1704 632 1768 discrimina
650 1702 893 1785 deprehendere
908 1702 1046 1767 minime
1063 1701 1203 1784 poterit;
1224 1701 1386 1771 interna·

181 1817 316 1895 pedines
333 1816 422 1879 enim
440 1816 604 1880 montium
624 1815 658 1877 in
677 1814 792 1878 eodem
821 1814 962 1890 oiroulo,
991 1830 1050 1878 seu
1080 1813 1115 1878 ln
1141 1811 1270 1880 eadem
1298 1815 1388 1882 serie

183 1924 433 2004 dispositorum,
462 1923 594 2004 objectu
619 1923 761 1990 aliarum
780 1924 1037 1989 eminentiorum
1058 1923 1094 1986 in
1108 1922 1186 1988 allis
1204 1917 1264 2011 (t)
1281 1932 1388 2011 atque

184 2037 259 2100 aliis
286 2036 458 2100 ordinibus
485 2036 743 2100 constitutarum
769 2037 995 2113 occultentur;
1025 2035 1125 2117 idque
1153 2037 1336 2116 maxime,
1360 2040 1390 2105 sl

186 2148 305 2213 oculus
318 2146 508 2230 aspicientis
526 2147 560 2212 in
577 2145 694 2212 eadem
714 2152 805 2212 reeta
822 2163 899 2211 enm
921 2145 1088 2212 mommio
1110 2145 1389 2215 eminentiamm

183 2259 365 2325 verticibus
380 2258 480 2325 luerit
496 2258 633 2324 locatus.
652 2256 706 2324 Sie
725 2259 760 2323 in
777 2264 868 2323 terra
884 2259 1069 2324 multorum
1090 2253 1389 2337 relinquentium

179 2373 342 2438 montium
354 2371 438 2455 jnga
455 2371 637 2437 secundnm
654 2371 788 2452 planam
807 2368 1016 2451 superficiem
1028 2365 1187 2448 disposita
1197 2374 1390 2449 apparent,

182 2484 210 2547 si
223 2483 425 2565 prospiciens
441 2484 557 2564 procul
575 2481 689 2555 tuerit,
707 2487 741 2544 et
759 2481 793 2543 in
811 2480 885 2560 pari
904 2478 1080 2543 altitudine
1091 2475 1315 2544 constitutus.
1333 2480 1389 2548 sn

184 2595 317 2657 aestuosi
336 2593 445 2672 pelagi
463 2592 619 2655 sublimes
636 2590 805 2654 undarum
822 2589 964 2653 vertices
980 2588 1164 2655 seeundum
1187 2585 1281 2653 idem
1307 2593 1391 2674 pls·

184 2717 265 2766 nnm
283 2701 438 2765 videntur
453 2700 596 2773 extensi,
607 2700 761 2781 quamvis
771 2701 859 2764 inter
870 2698 991 2765 lluotus
1008 2701 1155 2764 maxima
1170 2699 1390 2783 voraginum

186 2815 220 2876 et
236 2810 436 2877 lacunarum
466 2808 509 2874 sit
541 2809 743 2892 frequentia,
763 2808 910 2892 adeoque
933 2811 1190 2894 profundarum,
1210 2815 1253 2874 nt
1275 2814 1395 2880 subli-

183 2924 288 2990 mium
307 2922 519 3006 navigiorum
538 2938 603 2986 non
623 2922 722 2987 modo
738 2924 878 2998 carine,
889 2940 1008 2989 verum
1023 2925 1124 2987 etiam
1140 2927 1391 3004 puppes,mait

184 3051 222 3097 ae
252 3035 326 3098 vela
358 3035 445 3100 inter
470 3034 546 3098 ilias
568 3034 824 3099 abscondantur.
843 3033 929 3111 Quia
945 3036 1047 3117 igitur
1067 3037 1102 3098 in
1121 3037 1192 3115 ipsa
1211 3031 1333 3113 Luna,
1356 3046 1393 3104 et

185 3145 356 3224 oiroaejns
367 3146 581 3224 perimetrum
594 3145 768 3227 multiplex
789 3150 839 3209 est
857 3146 1112 3210 eminentiorum
1137 3149 1170 3207 et
1188 3145 1392 3213 cavitatum

187 3251 408 3329 coordinatio,
427 3260 460 3318 et
478 3259 594 3323 ocutus
612 3275 630 3321 e
649 3258 830 3339 longinquo
841 3262 993 3338 spectans
1011 3257 1046 3319 in
1063 3255 1180 3319 eodem
1191 3254 1258 3319 lere
1271 3257 1389 3337 plano

187 3379 265 3426 oum
283 3364 464 3430 verticibus
481 3366 616 3432 illarum
630 3369 776 3443 looatnr;
791 3368 916 3431 nemini
934 3369 1058 3431 mirum
1071 3383 1142 3430 esse
1156 3365 1268 3438 debet,
1283 3370 1393 3448 quod

190 3473 284 3537 radio
302 3476 425 3540 visorio
442 3477 516 3541 illos
535 3480 722 3553 abradenti,
741 3478 922 3543 secundum
945 3478 1142 3558 aequabilem
1169 3477 1296 3540 lineam
1316 3480 1394 3543 mi-

187 3587 342 3668 nimeque
366 3588 627 3666 entraotnosam,
647 3608 681 3654 se
701 3607 736 3654 se
754 3589 904 3653 oderant.
925 3588 1011 3654 linio
1031 3588 1151 3652 rationi
1171 3587 1276 3651 altera
1297 3589 1391 3653 snb-

188 3699 275 3763 neoti
304 3706 427 3782 potest;
449 3702 537 3785 quod
555 3719 672 3785 nempe
690 3702 782 3766 eirca
801 3701 920 3766 lunare
939 3718 1061 3784 eorpus
1079 3705 1144 3776 est,
1163 3697 1268 3762 veluti
1287 3699 1390 3767 cirea

189 3810 340 3887 Terram,
359 3813 448 3878 orbis
466 3815 603 3896 quidam
621 3814 782 3880 densioris
801 3813 994 3879 substantiae
1013 3813 1143 3892 reliquo
1161 3810 1301 3884 retbere,
1321 3813 1388 3893 qul

190 3920 275 3987 Solis
298 3924 550 3992 irradiationem
572 3930 747 4010 ooneipere
770 3926 1056 4009 atquerelleotere
1086 3923 1195 3998 valet,
1224 3924 1388 4002 quamvis

189 4036 282 4096 tanta
296 4051 362 4096 non
382 4038 424 4101 sit
441 4040 606 4118 opacitate
624 4040 795 4117 praeditus,
815 4044 854 4101 ut
871 4037 959 4099 visui
979 4032 1179 4118 (praesertim
1199 4033 1279 4097 dnm
1295 4032 1386 4098 illu·

190 4144 336 4208 minatus
356 4163 421 4208 non
438 4148 552 4229 luerit)
575 4149 748 4214 transitum
770 4146 919 4211 inhibere
937 4147 1057 4212 valeat.
1079 4145 1175 4211 Orbis
1195 4145 1255 4207 iste
1280 4161 1299 4206 a
1323 4162 1386 4211 ra-

262 4403 294 4461 ti)
311 4400 359 4450 llic
377 4399 433 4450 linis
450 4397 503 4449 lis.
521 4400 562 4461 qrri
580 4414 592 4448 a
611 4399 680 4449 nobis
698 4401 722 4451 ll
740 4399 878 4462 appellatus
895 4407 941 4451 nst.
1177 4400 1246 4447 Ado.
1265 4396 1337 4445 Ertit.
