3322 5278
320 421 390 488 est
566 441 709 489 serrone
734 441 865 489 rnroeuo
889 443 968 492 nmo
993 443 1262 494 decentessime

321 597 409 646 anuo
430 579 511 645 1607
529 595 633 641 nunu
651 579 752 659 majo,
771 579 819 644 die
838 578 893 644 28.
916 579 1008 656 Quod
1029 581 1111 646 idern
1140 583 1233 645 etiem
1261 581 1297 644 de
1315 597 1348 643 se
1372 588 1511 646 testatur

322 689 472 771 Seatiper,
486 685 603 753 liuere.
619 688 663 752 72
678 699 791 755 eontra
808 689 1007 764 carcianum,
1023 691 1109 773 apud
1126 691 1399 757 tenimentum
1417 692 1509 766 Caio,

321 817 387 880 eop.
411 798 432 860 7
454 807 564 880 quast.
586 797 613 864 b
630 809 693 864 art.
716 799 747 863 2.
771 798 810 864 Si
831 819 905 882 espa
926 800 1110 868 Mercurius
1134 801 1200 866 Soti
1222 803 1349 886 eclipsin
1370 804 1509 878 indueit,

321 926 378 972 eur
396 925 461 970 nou
480 915 510 971 et
533 907 658 972 Venus?

409 1018 440 1084 3.
456 1017 678 1102 Euporientia.
697 1019 817 1086 Eadem
835 1025 920 1086 enirn
939 1026 1034 1104 quasi
1053 1001 1201 1106 tempore,
1223 1043 1286 1106 quo
1311 1021 1450 1088 Gaiiieus
1473 1025 1510 1088 in

321 1131 417 1196 uariis
432 1129 536 1196 Italico
550 1130 681 1194 urbibus
703 1131 851 1196 Venerem
866 1141 1033 1197 cornutam
1048 1133 1271 1216 contemplatus
1286 1143 1345 1212 est,
1358 1134 1511 1200 admirati

321 1251 411 1315 sunt,
430 1251 459 1306 et
476 1261 547 1308 uere
565 1244 758 1307 inuenerunt
777 1241 907 1306 eandem
924 1245 1077 1307 sebemnte
1095 1244 1199 1308 eodem
1216 1251 1361 1318 tornato,
1380 1243 1506 1316 biseeto,

296 1353 426 1437 -pibbo,
443 1353 550 1418 Roma
574 1355 670 1418 etiam
698 1353 755 1416 atii
784 1351 1065 1418 maenomenon
1094 1371 1157 1435 quo
1188 1353 1364 1418 incredibili
1376 1353 1512 1434 phuno-

321 1485 413 1532 meno
434 1465 496 1530 duo
518 1463 734 1528 ineluetabiiio
762 1471 953 1544 orpumenta
981 1463 1149 1528 babemus:
1171 1463 1321 1538 atterum,
1345 1463 1510 1536 Venerem,

318 1575 448 1658 perinde
471 1584 508 1640 ut
525 1573 667 1644 lunam,
683 1575 818 1656 propria
842 1573 908 1638 tuoe
931 1591 1051 1648 carere,
1068 1582 1099 1637 et
1117 1573 1418 1656 consequentum
1436 1572 1511 1638 Soie
1557 1559 1560 1564 ’

321 1689 450 1768 niprom
470 1684 618 1751 umbram
639 1684 775 1766 referre:
796 1683 948 1757 aiterum,
977 1684 1017 1748 ab
1048 1683 1155 1748 eudem
1183 1684 1301 1750 ambiri
1329 1683 1443 1750 Solem.
1463 1684 1512 1750 De

321 1815 397 1879 quo,
421 1814 494 1862 eum
522 1797 630 1860 omnia
655 1797 864 1877 pbonomeno
882 1795 928 1858 ita
946 1796 1137 1876 conspirent,
1167 1811 1275 1858 omnes
1303 1797 1443 1860 rationu
1464 1797 1512 1860 ito

322 1908 510 1980 continent,
543 1905 687 1971 dubitare
720 1908 756 1970 in
784 1913 947 1987 posterum
976 1906 1146 1988 quisquam
1184 1905 1340 1970 ebriatus
1365 1907 1417 1970 oir
1452 1908 1512 1971 vite

322 2016 459 2082 audebit.

412 2127 513 2192 Parta
541 2129 642 2208 ipitur
663 2129 721 2192 bae
744 2129 880 2200 ratione,
909 2135 940 2190 et
964 2127 1068 2208 piene,
1098 2134 1135 2189 ut
1162 2127 1288 2207 opinor,
1316 2125 1512 2207 eonfomnato

322 2233 484 2317 Lucifero,
503 2235 668 2317 adipsum
687 2236 764 2300 lueis
778 2244 944 2318 parentem
961 2253 1018 2300 nos
1036 2221 1222 2318 retorsimus,
1239 2233 1344 2300 Solem
1357 2235 1514 2310 videlieet,-

326 2345 486 2426 ipsiusque
515 2362 718 2410 numerosum
730 2347 852 2428 prolem
871 2364 894 2417 ,a
915 2345 955 2432 10
974 2345 1142 2410 decembris
1162 2343 1246 2430 (non
1263 2345 1372 2410 babitu
1389 2350 1514 2412 ratione

325 2455 410 2538 quod
426 2474 528 2538 nuper
546 2456 668 2540 aliquid
685 2457 887 2540 spectandum
905 2455 1063 2542 miserim)
1083 2475 1183 2538 usque
1211 2457 1253 2520 ad
1282 2457 1324 2521 12
1346 2457 1513 2538 januarii,

324 2567 462 2632 velutin
475 2585 624 2650 pompam
641 2567 845 2642 deducamus,
864 2587 927 2650 quo
943 2570 1045 2650 mapis
1074 2569 1138 2632 bae
1168 2575 1259 2632 tanta
1285 2567 1426 2651 domitio,
1451 2587 1515 2633 uno

324 2678 447 2742 intuitu
474 2687 629 2760 spectata,
650 2678 816 2759 acutosque
844 2680 1050 2760 animumque
1072 2679 1207 2744 muleeat
1228 2682 1420 2760 speetatoris.
1443 2679 1515 2744 iia-

325 2790 423 2850 tiones
441 2787 521 2867 [aeti
539 2789 631 2850 istius
649 2789 712 2849 mei
725 2804 790 2849 sese
808 2797 916 2869 sponte
931 2788 1028 2870 paulo
1045 2797 1113 2869 post
1126 2789 1269 2870 prodent.

394 2895 514 2960 Primis
537 2901 676 2976 quatuor
693 2894 800 2958 diebtu
819 2903 943 2962 astrum
967 2897 1108 2974 Ventris,
1128 2917 1200 2962 eum
1211 2896 1512 2982 Soieeonjunetum,

325 3003 579 3087 conspiciendum
597 3011 666 3068 erut
689 3004 774 3068 boris
795 3006 968 3086 ossipnotis
1003 3009 1039 3072 in
1069 3009 1153 3072 tineo
1185 3007 1250 3082 ab,
1273 3009 1396 3074 Veneris
1413 3011 1515 3076 nimi-

326 3134 400 3181 rum
420 3113 477 3179 CD
491 3133 550 3198 per
567 3113 670 3180 Solem
693 3116 762 3190 oia,
782 3115 824 3180 ad
841 3114 1030 3199 Eeiiptieom
1046 3117 1108 3184 AB
1126 3121 1273 3186 runnibii
1289 3121 1461 3195 ineiinota,
1480 3123 1516 3185 in

326 3228 561 3310 mapuitudine,
580 3226 754 3292 secuudum
773 3245 968 3292 communem
993 3227 1292 3296 matbematicorum
1309 3231 1514 3302 sententiam,

323 3339 474 3418 prasenti
489 3336 591 3416 juata
609 3335 750 3418 aliquam
781 3337 879 3400 trium
905 3337 1068 3419 [oetaeum
1086 3339 1313 3422 bppotbeseun,
1341 3341 1516 3405 seeundum

324 3446 464 3526 prtem
481 3443 619 3525 quidem,
639 3444 695 3509 ubi
719 3445 821 3511 Venus
846 3455 946 3528 pestot
963 3446 1009 3522 D,
1035 3449 1208 3513 seeundum
1229 3449 1378 3524 aberam,
1398 3451 1455 3516 ubi
1470 3449 1512 3522 li,

328 3551 501 3618 seeundum
519 3561 723 3635 postremam,
744 3555 799 3619 ubi
816 3554 857 3630 F,
877 3556 970 3638 idque
985 3559 1021 3620 in
1038 3566 1166 3640 aspectu
1192 3567 1222 3622 et
1250 3562 1317 3623 situ
1340 3559 1443 3642 quade
1462 3559 1511 3622 bie
1581 3614 1587 3626 .

328 3665 467 3746 depictus
485 3671 539 3728 est.
560 3661 667 3728 Visum
682 3675 727 3728 est
745 3667 840 3729 etiam
853 3668 998 3748 prouime
1016 3667 1217 3750 sequentibus
1234 3669 1369 3735 maeuiis
1380 3667 1510 3750 iitiipti-

329 3793 399 3842 eom
417 3774 480 3840 AB
496 3778 649 3852 inserere,
666 3785 792 3858 propter
810 3795 941 3842 eausam
958 3781 1094 3862 inferius
1109 3780 1299 3862 ponendam.

417 3886 478 3954 Ha
495 3887 724 3953 obseruationes
741 3905 862 3961 omues,
881 3897 1039 3970 quantum
1067 3889 1193 3972 quidem
1220 3909 1277 3973 per
1306 3899 1513 3974 tempestatem

330 4001 417 4066 iieuit
436 3997 543 4088 (iisuit
560 4006 667 4064 autem
683 3999 781 4081 terme
799 4017 920 4086 semper
937 4001 1065 4084 quondo
1082 4001 1272 4088 observavi),
1288 4011 1364 4066 sunt
1378 4017 1514 4066 meura-

330 4113 470 4186 tissimo‚
490 4111 613 4175 tametsi
628 4127 693 4174 non
711 4117 775 4174 tam
793 4119 940 4176 aeeurote
956 4113 1100 4194 fortassis
1118 4113 1154 4175 in
1169 4113 1326 4186 obortam,
1346 4111 1419 4176 uitio
1440 4127 1517 4172 ma-

331 4240 442 4298 nuum,
460 4225 525 4288 sint
544 4221 705 4295 traducta,
728 4221 888 4303 mustoque
911 4241 960 4286 me
979 4221 1135 4304 praebere
1158 4223 1341 4288 doeuerunt.
1357 4219 1489 4284 Etenim

421 4333 450 4396 1.
468 4332 604 4400 Maeuio
632 4333 789 4414 spbarieo
808 4333 970 4400 adnisum
998 4343 1072 4398 sunt
1100 4336 1288 4406 rarissima,
1319 4331 1520 4398 creberrima

330 4445 455 4516 mista,
472 4441 623 4524 obionpoe,
638 4441 810 4527 poipponu.

420 4555 452 4618 2.
471 4550 649 4622 diutissimo
666 4563 710 4622 est
728 4556 852 4622 moeuio
872 4555 917 4642 (si
939 4574 1004 4640 pua
1033 4565 1138 4623 tomen
1167 4555 1240 4642 est),
1259 4573 1331 4638 oua
1360 4563 1522 4622 ostensam
