3096 5154
501 331 540 379 on
563 331 770 379 pannonias
793 330 822 375 m
845 329 926 376 ones
950 328 1038 374 cose
1293 308 1355 374 331

179 472 265 539 sibile
292 479 336 534 est
363 472 431 555 fieri
448 472 484 532 in
502 469 653 539 instanti,
671 486 743 532 cum
762 468 884 530 instans
903 485 968 529 uon
987 466 1092 537 detur,
1111 466 1174 527 nisi
1191 466 1357 547 improprie

178 581 256 645 illud
270 581 463 662 accipiamus
476 595 537 660 pro
553 579 687 641 minima
705 578 848 657 temporis
865 585 970 657 parte,
995 577 1102 638 sensui
1119 577 1358 657 imperceptibili.

182 687 290 767 Quare
308 707 409 771 neque
431 706 542 752 oerum
572 696 631 757 est,
649 687 896 767 qeneratiom
914 693 971 746 aut
994 684 1269 758 illuminationem,
1292 691 1359 770 fieri

179 800 216 863 in
231 800 382 870 instanti:
399 799 466 861 nisi
481 813 643 860 sumamus
666 797 789 859 instans
803 812 864 874 pro
882 796 992 857 ultimo
1008 805 1037 858 et
1055 803 1194 860 eatremo
1216 801 1360 880 temporis

180 911 216 974 in
232 927 295 990 quo
310 909 417 991 [aetus
435 916 480 970 est
497 915 598 971 motus
614 905 824 977 alterationis,
840 922 898 985 per
916 923 1009 985 quens
1030 914 1225 968 recesserunt
1256 907 1361 988 dispo-

178 1021 307 1084 sitiones
323 1020 434 1101 somna
445 1019 676 1100 praemittentis
696 1024 724 1078 et
740 1023 895 1096 corrupto
914 1013 1016 1098 (quod
1030 1024 1205 1079 extremum
1218 1020 1362 1098 temporis

180 1130 298 1194 dicitur
323 1129 533 1209 corruptionis
559 1124 718 1210 instans),
741 1134 770 1188 et
786 1143 844 1206 pro
858 1126 964 1205 prima
980 1134 1068 1204 parte
1087 1127 1231 1206 temporis
1246 1127 1281 1188 in
1298 1147 1361 1208 quo

181 1242 269 1320 {acta
286 1247 332 1301 est
348 1239 506 1311 alteratio,
523 1256 579 1319 per
597 1254 694 1319 qaam
711 1235 897 1299 introducta
918 1243 993 1297 sunt
1015 1235 1228 1316 dispositiones
1251 1238 1362 1318 [orma

181 1349 360 1430 incipientis
377 1356 406 1411 et
423 1349 536 1428 penita
555 1346 642 1430 (qua
653 1349 758 1427 prima
771 1362 849 1427 pars
869 1346 1012 1427 temporis
1027 1345 1143 1409 dicitur
1160 1363 1224 1409 esse
1238 1349 1361 1412 instans

182 1456 429 1542 qenerationis):
447 1466 477 1520 et
493 1455 585 1520 ambo
602 1457 758 1520 instantia
775 1458 840 1520 boc
862 1463 963 1518 meme
987 1463 1111 1519 tantum
1133 1456 1267 1522 dmoreta
1288 1469 1361 1522 sunt

181 1577 212 1633 et
223 1576 389 1652 potestate,
408 1585 481 1632 omn
498 1584 600 1630 unum
617 1574 742 1630 tontum
752 1584 794 1630 ea
804 1567 878 1647 ipsis
891 1567 927 1628 in
938 1584 1004 1629 uno
1014 1567 1163 1630 continuo
1172 1569 1361 1649 reperiatur,

181 1680 279 1745 saluti
295 1681 332 1745 in
349 1695 418 1743 una
432 1678 585 1743 continua
602 1676 686 1740 linea
702 1677 784 1740 idem
798 1685 967 1759 punctum,
987 1676 1105 1740 diomse
1122 1678 1362 1751 consideratum,

182 1790 299 1856 dleitm
325 1791 398 1874 pinu
426 1805 491 1852 esse
510 1795 539 1852 et
552 1788 760 1869 principium,
778 1789 850 1871 finis
862 1785 1063 1869 procedentis
1077 1789 1234 1862 continui,
1253 1798 1282 1852 et
1297 1791 1363 1853 ini·

182 1905 262 1969 tium
289 1902 525 1985 subsequentis:
545 1918 584 1963 ac
598 1901 722 1983 pariter
738 1902 774 1964 in
792 1900 897 1964 eodem
916 1901 1049 1963 instanti
1067 1900 1198 1964 dicimus
1216 1903 1349 1984 reperiri
1355 1949 1362 1974 ,

184 2013 329 2080 ultimum
340 2032 406 2079 non
422 2030 487 2076 esse
505 2013 553 2076 rei
566 2019 733 2094 corrupto,
747 2019 776 2074 et
784 2013 924 2093 primum
934 2029 997 2075 esse
1010 2013 1058 2075 rei
1067 2013 1192 2092 penita,
1206 2020 1242 2075 ut
1252 2014 1363 2093 optime

184 2124 364 2191 Aristoteles
392 2124 496 2189 docuit
523 2120 555 2195 8,
586 2120 712 2203 qusic.
728 2121 781 2186 69.
805 2119 912 2197 Quare
931 2123 1037 2185 eusci
1055 2123 1185 2184 veritate
1203 2123 1362 2192 eoislimo,

181 2235 363 2301 Aristotelis
373 2232 679 2303 demonstrationem,
692 2249 757 2312 quo
768 2230 900 2295 ostendit
915 2231 946 2295 6.
963 2230 1088 2313 Pbpsic.
1108 2230 1160 2305 32,
1179 2250 1276 2298 omne
1291 2252 1364 2297 mo-

188 2331 740 2417 ossemaedivisibite,universatem
755 2359 834 2414 esse,
853 2349 882 2403 et
900 2343 986 2404 omni
1006 2344 1265 2408 transmutationi
1279 2363 1364 2409 com-

183 2465 303 2539 petere,
330 2455 425 2518 etiam
453 2453 648 2534 promotioni
670 2459 764 2531 atque
783 2450 1021 2514 illuminationi.
1036 2448 1092 2513 Em
1110 2450 1223 2531 quibus
1242 2453 1363 2533 colliqo,

186 2569 291 2632 lumen
308 2568 425 2648 ipsum,
442 2566 586 2647 q'uomois
605 2581 669 2626 non
687 2563 858 2643 recipiatur
869 2563 1091 2643 quantitative,
1104 2578 1204 2643 neque
1216 2564 1364 2626 resisten-

185 2681 263 2743 tiam
279 2676 393 2741 babeat
409 2694 431 2739 a
447 2676 623 2757 quantitate
642 2673 820 2746 contraria,
833 2681 868 2736 ut
878 2673 996 2735 dictum
1006 2680 1067 2745 est,-
1077 2681 1195 2745 tomen,
1209 2681 1362 2755 receptum

183 2793 219 2854 in
235 2807 362 2872 corpore
380 2794 501 2870 quanto
518 2784 731 2857 illuminabili,
751 2783 861 2847 babere
873 2783 1015 2864 aliquam
1026 2784 1236 2847 resistentiam
1248 2779 1288 2845 ab
1300 2783 1365 2862 ipso

184 2910 320 2984 quanto,-
348 2917 413 2964 non
440 2897 508 2962 dico
532 2899 658 2979 proprie
688 2896 897 2960 resistentiam
920 2893 1010 2978 (cum
1025 2912 1063 2957 ea
1080 2897 1134 2978 fiat
1153 2911 1174 2956 a
1191 2894 1364 2963 contrario,

187 3011 348 3091 quantitas
361 3016 468 3073 autem
481 3007 601 3071 nullam
615 3007 706 3070 nabet
716 3005 1004 3089 contrarietatem),
1016 3005 1069 3068 sed
1080 3003 1147 3068 dico
1156 3005 1365 3074 resistentiam
1469 3089 1475 3099 ῃ

187 3120 444 3201 repuqnantium,
463 3127 592 3200 quaest
610 3119 646 3181 in
664 3135 790 3198 corpore
808 3124 941 3198 quanto,
960 3124 1116 3197 quatenus
1135 3112 1247 3176 babeat
1256 3122 1364 3195 partes

189 3237 284 3294 eatra
293 3237 410 3311 partes,
428 3239 464 3294 ut
481 3248 547 3294 non
562 3231 660 3311 possit
679 3230 715 3292 in
731 3225 915 3292 indivisibili
937 3225 1079 3306 aliquam
1104 3223 1288 3307 qualitatem
1314 3243 1364 3288 se·

191 3339 330 3404 eundum
357 3348 452 3406 totam
480 3342 531 3404 sui
559 3338 801 3403 dioisibilitatem
830 3335 975 3416 recipere.
998 3332 1102 3417 Atque
1121 3335 1180 3407 ita,
1199 3351 1265 3397 non
1278 3334 1367 3399 modo

187 3451 366 3531 requiritur
381 3449 508 3534 aliquod
523 3457 641 3530 tempus
656 3447 698 3511 ad
715 3446 991 3518 illuminationem,
1005 3454 1146 3528 respectu
1163 3447 1301 3527 corporis
1317 3445 1367 3508 lu-

188 3559 251 3624 cidi
264 3558 487 3635 illuminantis,
506 3560 589 3642 quod
606 3578 725 3624 necesse
744 3566 788 3622 est
806 3558 875 3642 fieri
889 3575 1029 3638 prorem
1060 3556 1183 3638 corpori
1210 3555 1367 3638 diapbano

188 3690 245 3754 per
262 3680 383 3736 motum
401 3671 539 3745 localem·
556 3689 667 3736 oerum
685 3672 779 3735 eliam
796 3669 918 3734 ratione
937 3669 1097 3750 ipsiusmet
1111 3665 1366 3736 illuminationis,

189 3781 334 3866 quamvis
352 3789 470 3863 tempus
488 3783 558 3855 boc,
577 3781 660 3864 quod
678 3781 720 3845 ad
737 3780 1000 3844 illuminationem
1017 3776 1207 3858 requiritur,
1230 3777 1271 3839 sit
1292 3778 1368 3840 satis

191 3894 345 3974 iniquum
362 3899 456 3973 atque
473 3895 601 3958 omnino
618 3891 863 3974 imperceptibile.
887 3888 965 3965 Qua
976 3888 1094 3970 opinio,
1107 3887 1251 3967 quamvis
1262 3886 1384 3951 oideo··

192 4011 245 4066 tur
272 4002 407 4084 tortasse
437 4011 545 4068 contra
573 4021 767 4068 communem
796 4011 824 4065 et
851 3995 1370 4084 paradoxo,tnmeninsro(1leo

192 4111 303 4197 dante)
324 4112 440 4177 clarius
457 4115 666 4198 explicabitur
681 4115 716 4177 in
736 4121 876 4177 tractatu
893 4112 928 4175 de
947 4109 1029 4175 duos
1053 4118 1081 4173 et
1104 4106 1247 4172 Lumine.
1280 4107 1371 4186 Quod

194 4216 379 4288 si'addemus
389 4223 491 4289 adnue
508 4229 706 4312 opacitatem,
726 4243 796 4308 qua
815 4242 856 4288 es
874 4224 925 4288 sui
940 4229 1060 4287 natura
1077 4218 1203 4302 impedit
1218 4222 1370 4287 actionem

198 4330 336 4408 luminis,
355 4332 536 4400 Mbebimus
554 4355 658 4402 omnes
675 4353 787 4401 causas
802 4353 843 4400 ea
857 4333 970 4417 quibus
985 4332 1140 4397 densiores
1156 4330 1255 4398 Luna
1265 4338 1370 4415 partes

198 4450 273 4505 sunt
289 4463 405 4527 opaea,
420 4449 521 4529 maqis
541 4451 675 4514 rariores
695 4457 800 4514 aulem
818 4455 893 4513 sunt
911 4446 1017 4520 clara,
1036 4444 1090 4511 ubi
1112 4445 1233 4529 suerint
1257 4439 1370 4506 lumine

202 4664 235 4793 Ι.
