3096 5154
504 319 543 364 oe
568 317 776 367 eeeuoueeee
794 319 823 365 su
842 318 923 366 osee
942 319 1028 366 caere
1288 306 1351 374 357

180 451 350 520 recensebo.
366 448 428 515 Est
444 453 493 516 bic
512 452 606 535 lapis,
624 455 681 535 qui
699 455 734 517 in
748 453 943 520 Bononiensi
959 474 1038 538 apro
1049 459 1216 539 reperitur,
1226 459 1352 525 scissilis

179 580 216 627 ac
228 560 400 643 pellucidue
418 561 665 644 aliquantulum,
684 565 731 628 ita
748 572 784 628 ut
799 565 876 629 tolca
894 565 1039 631 uideatur
1051 566 1215 642 adsimilis,
1229 572 1353 634 arseni-

178 673 253 739 calis
266 681 407 748 nmura,
425 680 455 737 et
472 673 679 739 auidissimus
697 693 735 740 oc
752 676 924 751 causticusr
940 695 974 742 co
989 679 1072 742 enim
1083 677 1282 745 circulatores
1293 681 1354 744 ali-

177 786 233 866 qui
254 791 394 849 utuntur
415 783 458 848 ad
470 783 550 865 pilos
568 793 676 848 acute
695 785 896 850 eradicandae
914 787 962 852 uel
978 787 1185 863 abradendas,
1204 790 1354 870 quemad-

178 893 304 964 nodum
321 893 515 960 balneatores
532 901 672 960 utuntur
689 896 725 959 in
742 896 941 978 leppocaustis
958 899 1033 961 auri
1045 898 1204 979 piamento
1218 906 1247 962 et
1263 898 1354 963 calce.

182 1003 266 1069 Talis
282 1022 345 1071 sua
358 1012 478 1069 natura
495 1011 540 1069 est
557 1004 607 1069 lsic
626 1003 717 1087 lapis,
735 1007 806 1087 qui,
823 1008 870 1070 ita
887 1015 1100 1088 comparatus,
1119 1026 1185 1072 non
1196 1007 1356 1082 luceteeed

179 1123 216 1179 ut
228 1115 333 1181 lumen
343 1115 508 1196 concipiat,
519 1122 614 1196 atque
632 1124 814 1197 conceptum
830 1116 965 1180 retineat
979 1134 1038 1197 per
1050 1117 1192 1199 aliquam
1209 1119 1353 1200 temporie

178 1239 313 1298 moram
330 1232 360 1288 st
376 1225 493 1306 referat
510 1221 788 1309 (quemadmodum
805 1226 896 1291 initio
913 1227 1116 1291 admouimus
1135 1246 1191 1293 noe
1208 1227 1352 1313 uidisse),

181 1351 301 1399 neccsse
318 1343 363 1398 est
379 1336 482 1417 ipsum
498 1335 666 1410 calcinari,
682 1338 746 1402 siue
764 1338 928 1419 artificiose
946 1336 988 1400 ad
1004 1339 1109 1417 ipnem
1123 1340 1189 1414 uri,
1207 1340 1253 1403 ita
1268 1347 1303 1403 ut
1318 1341 1354 1403 iu

180 1444 294 1509 calcem
321 1452 479 1518 certaturi
498 1454 593 1526 atque
610 1446 670 1519 itu,
688 1445 861 1509 secuudum
877 1463 947 1509 eam
963 1454 1085 1527 partem
1101 1467 1171 1530 pua
1188 1450 1224 1513 in
1240 1449 1355 1514 calcem

178 1571 272 1621 uersa
287 1561 346 1629 cst,
363 1553 471 1619 lumen
487 1555 620 1636 concipit
637 1562 668 1618 ct
683 1555 796 1638 sulpet,
808 1575 879 1620 cum
890 1558 1061 1622 secundum
1071 1558 1354 1642 reliquampartem

178 1665 369 1740 nmmum,
384 1665 489 1731 lumm
506 1673 631 1730 tantum
643 1668 798 1748 concipiat
814 1663 911 1741 Solis‚·
929 1676 965 1731 ut
975 1676 1187 1750 epoeocpertus
1197 1685 1281 1745 eum,
1292 1678 1323 1734 et
1333 1689 1355 1734 a

178 1777 286 1840 ceteris
302 1775 423 1856 accepi:
439 1792 540 1856 nepus
558 1792 677 1839 necesse
689 1784 733 1838 est
744 1772 826 1840 Solis
837 1777 936 1841 radiis
945 1785 1003 1843 aut
1014 1778 1077 1842 luci
1083 1779 1246 1860 primario
1259 1798 1355 1861 eapo-

179 1895 290 1958 umor:
302 1885 478 1967 sedsufflclt
489 1893 669 1967 exponatur
679 1884 804 1960 lumini,
816 1886 1084 1952 eioeeecuudaeioe
1096 1887 1173 1962 luci,·
1184 1888 1266 1953 unde
1277 1891 1355 1953 satie

179 2003 224 2061 est
246 1994 351 2059 lumen
370 1992 556 2076 crepusculi.
578 1992 666 2067 Luc,
685 2012 782 2075 quam
798 1997 910 2076 refert,
928 2006 973 2060 eet
987 2000 1139 2079 punicea,
1158 2007 1187 2062 et
1204 1998 1355 2063 adsimilis

178 2107 286 2187 iprsitis
295 2105 496 2171 carbonibus
507 2105 625 2169 diutius
637 2105 741 2169 mmen
753 2124 817 2170 non
825 2106 992 2187 perdurat,
1004 2108 1057 2172 scd
1065 2109 1218 2189 paulatim
1229 2111 1355 2190 lanpuct

182 2223 211 2279 st
222 2216 392 2291 euanescit:
401 2215 662 2297 quemadmodum
674 2235 773 2297 neque
785 2217 849 2280 bac
866 2217 976 2298 lapidis
995 2219 1057 2292 oie,
1076 2219 1247 2300 recipiendi
1263 2227 1357 2300 atque

183 2323 338 2389 radlends'
354 2323 471 2398 lumen.
489 2342 609 2407 semper
626 2325 736 2400 durat,
755 2325 809 2389 eed
826 2327 970 2407 temporie
985 2345 1133 2408 processu
1146 2328 1304 2409 perditur:
1319 2339 1356 2393 ut

182 2451 239 2513 epa
256 2440 404 2513 copertus
420 2450 491 2498 sum
504 2436 540 2498 in
560 2434 671 2516 lapide,
690 2452 783 2515 quem
800 2436 878 2513 mibi
895 2436 1028 2500 ostendit
1044 2435 1084 2500 D.
1105 2436 1237 2503 Marcus
1254 2437 1360 2504 Anto·

181 2546 256 2609 uiue
272 2541 446 2626 Prospera
464 2542 614 2618 Panno,
644 2545 694 2608 eir
723 2544 952 2608 eruditissimus
972 2553 1001 2608 et
1018 2554 1142 2609 natura
1163 2535 1357 2612 arcanorum

178 2655 435 2721 accuratissimus
456 2656 670 2735 inuestipator.
686 2653 742 2719 Eu
763 2653 879 2736 quibus
897 2654 1040 2719 omuibus
1055 2657 1279 2736 prenarratie,
1302 2675 1358 2737 epo

175 2773 253 2847 puta
270 2764 411 2831 mmdsm
430 2782 495 2829 esee
523 2782 654 2830 caueam
683 2765 761 2830 lucie
778 2767 815 2829 iu
833 2767 888 2831 boc
908 2765 1023 2847 lapide,
1040 2784 1111 2847 pua
1134 2775 1179 2830 est
1196 2768 1232 2831 iu
1249 2768 1355 2831 ceteris

178 2883 275 2941 uersu
301 2873 510 2956 tulpeutibus,
538 2877 574 2938 de
605 2875 721 2958 quibus
750 2875 912 2950 diximum·
939 2894 1046 2958 nempe
1074 2876 1206 2941 multam
1238 2879 1356 2959 capiam

179 2985 363 3066 iuncosaque
379 2984 511 3051 lucentis
525 2984 722 3060 substantio,
736 2989 772 3050 in
786 2985 921 3051 candida
934 2987 1068 3051 materia
1082 2985 1247 3051 inclusam.
1266 2985 1358 3062 Quod

181 3101 289 3159 auen
303 3094 405 3161 nuuc
422 3095 463 3159 sn
481 3096 518 3159 eu
539 3097 595 3160 coc
620 3096 719 3177 tapsar
749 3096 821 3161 ectu
850 3095 1029 3176 normam
1047 3095 1237 3171 socruum,
1252 3078 1359 3178 puna

181 3200 338 3282 eddpitm
353 3221 395 3266 en
411 3203 601 3269 calidissima
618 3213 648 3268 et
670 3206 764 3286 ipnea
782 3205 851 3286 ejas
868 3213 988 3269 natura
1006 3213 1035 3268 et
1052 3205 1099 3278 vi,
1118 3223 1191 3271 cum
1207 3207 1249 3271 sit
1265 3225 1356 3271 orse-

182 3310 294 3377 niaelis
311 3310 388 3397 lapis
404 3323 433 3377 et
451 3316 627 3379 causticue:
648 3334 721 3381 cum
737 3325 843 3380 autem
861 3316 910 3379 bic
928 3315 1010 3394 ipns'e
1028 3314 1063 3377 in
1081 3317 1232 3380 crassiore
1250 3315 1356 3380 iuclu-

180 3438 237 3487 ssss
249 3421 294 3485 sit
308 3422 438 3488 sunam
455 3424 570 3489 uiecido
587 3443 624 3489 ac
640 3424 724 3499 leem,-
738 3427 815 3489 nitet
834 3432 972 3498 tantum,
986 3423 1039 3488 sed
1063 3443 1129 3489 non
1151 3424 1266 3508 pulpa,
1279 3426 1354 3492 dum

180 3529 261 3612 lupis
277 3548 346 3597 nors
360 3539 406 3597 est
422 3542 556 3598 eaustus
570 3544 600 3599 et
615 3537 651 3599 iu
665 3535 779 3599 calcem
793 3534 953 3608 redactus:
968 3552 1040 3601 cum
1056 3555 1130 3601 uero
1144 3544 1277 3603 accustus
1294 3546 1353 3610 eet,

177 3639 324 3707 deusto
338 3645 490 3709 crauiore
515 3645 566 3710 illo
581 3645 723 3722 bumido,
738 3644 828 3711 albus
842 3647 876 3729 fit
899 3653 929 3708 et
943 3644 1130 3718 candicans:
1146 3663 1184 3709 ao
1201 3646 1355 3727 depurata

177 3752 282 3833 napis
298 3762 479 3819 renunente
504 3763 608 3836 parte.
627 3757 681 3821 illa
708 3758 801 3838 ipuea
826 3755 979 3836 mojorem
1000 3754 1176 3819 claritatem
1201 3757 1353 3838 acquirit,

177 3861 220 3927 ab
236 3863 322 3944 ipsis
340 3861 421 3937 tuce,
438 3872 475 3929 ut
493 3863 639 3931 Plotinus
656 3865 789 3939 dicebat,
807 3864 1030 3948 quodammodo
1047 3863 1193 3929 coloratu.
1213 3863 1354 3944 Cumque

177 3970 265 4047 albu,
284 3991 350 4039 nan
365 3974 456 4039 modo
474 3975 605 4040 multam
632 3975 769 4041 babeant
798 3978 910 4050 lucem,
932 3993 1044 4040 uerum
1069 3976 1165 4039 etiam
1181 3974 1355 4056 plurimam

177 4084 313 4165 miperc
329 4092 406 4166 epta
427 4087 492 4151 sint
514 4094 544 4150 ct
560 4088 713 4161 retineret
730 4088 803 4152 binc
830 4090 879 4171 fit,
906 4086 989 4168 quod
1010 4086 1087 4168 lapis
1106 4086 1169 4159 liic,
1189 4087 1224 4149 in
1240 4083 1355 4149 calcem

178 4210 287 4259 cerseu
304 4202 336 4263 ct
353 4196 593 4263 candidissimus
621 4199 740 4280 sactus,
759 4197 873 4262 lumini
890 4199 1048 4279 ecpoeitus
1066 4197 1185 4280 maiore
1214 4196 1281 4260 luce
1298 4214 1356 4260 ac-

178 4304 335 4373 cenditur.
360 4303 446 4384 Quia
476 4326 549 4375 uero
575 4309 633 4375 luc
655 4311 719 4376 bac
737 4309 841 4391 maior
870 4318 930 4386 eet,
948 4327 1044 4392 quam
1072 4327 1143 4392 quo
1170 4327 1191 4374 a
1213 4307 1355 4374 candidis

176 4433 312 4485 manare
333 4418 407 4487 solet
424 4419 584 4505 (candida
602 4422 685 4487 cuim
703 4430 738 4486 ut
756 4439 864 4487 rucene
886 4420 959 4486 cala
977 4429 1006 4486 et
1024 4421 1098 4495 nic.
1117 4429 1212 4487 noctu
1229 4417 1354 4500 quidem
