3096 5154
496 342 536 387 on
559 339 765 388 sansonem
788 339 818 386 ιη
841 339 919 387 onus
943 340 1029 388 ouon
1289 323 1354 387 249

695 671 772 737 Cor.
793 673 846 736 lv.

252 875 296 937 De
311 871 574 936 observationibus
590 871 622 933 in
639 872 714 935 lacic
730 873 825 934 Lunae
843 872 925 933 circa
942 890 1018 951 quas
1034 864 1096 934 ortt
1107 873 1279 954 disputatio.

269 1125 349 1191 Cum
369 1133 475 1191 onum
502 1123 652 1207 telescopii
674 1126 768 1188 luins
797 1124 940 1208 beneficio
965 1048 1067 1190 multa
1092 1145 1174 1191 noua
1199 1131 1357 1211 patefacta

176 1237 243 1301 sint
264 1245 294 1300 et
310 1238 452 1310 inuento,
472 1237 592 1299 nemini
611 1237 761 1300 hactenus
776 1233 957 1300 mortalium
972 1238 1110 1315 cornito,
1123 1255 1231 1319 nempe
1245 1247 1274 1302 et
1285 1241 1358 1321 pla-

180 1354 277 1423 neta,
294 1348 356 1410 sice
380 1363 518 1419 emones,
542 1346 628 1409 circa
656 1344 764 1408 locem
791 1352 944 1426 quotuor,
967 1362 1043 1425 qnos
1066 1344 1207 1411 Medicea
1235 1346 1360 1430 Spdera

172 1454 252 1535 jure
270 1456 380 1518 merito
396 1472 418 1518 a
433 1454 615 1535 dionissirno
632 1453 799 1535 Principe,
817 1472 876 1517 suo
893 1453 1077 1528 Mucenate,
1096 1454 1249 1523 Inventor
1271 1478 1360 1522 nun-

177 1566 318 1646 cnpacit,
337 1572 367 1627 et
385 1582 482 1628 oenus
501 1581 655 1636 crescens,
674 1570 768 1644 atque
787 1563 962 1628 decrescens
982 1563 1113 1637 lumine,
1132 1574 1162 1628 et
1184 1567 1359 1632 innumera

177 1682 274 1738 antea
287 1692 419 1755 prorstu
439 1673 581 1748 latentes,
600 1691 638 1737 ac
657 1675 777 1738 nemini
795 1676 869 1738 cisa
889 1677 991 1738 octaui
1003 1674 1087 1739 orbis
1101 1675 1207 1752 sulla,
1223 1685 1253 1740 et
1267 1680 1359 1756 pala·

178 1786 255 1858 nia,
274 1787 339 1848 sice
360 1783 450 1848 lactei
467 1785 503 1847 in
520 1782 624 1848 ecdem
641 1783 713 1861 orle
731 1785 842 1848 circuli
859 1803 966 1849 causa.
991 1782 1061 1848 Una
1078 1787 1162 1850 iuter
1181 1794 1308 1850 caterae
1324 1789 1359 1851 de

177 1897 257 1978 [acie
276 1893 377 1959 Luna
394 1893 568 1959 obseruatio
585 1895 654 1959 cisa
676 1901 721 1957 est
743 1895 949 1975 antiquorum
970 1894 1228 1976 Philosophorum
1251 1914 1359 1962 mones

180 2022 345 2086 earumque
357 2005 598 2086 opinioncspost
610 2011 652 2067 tot
663 2004 777 2067 saculo
788 2002 827 2067 ab
839 2005 950 2084 inseris
962 2005 1358 2093 reuocaremisafinquam)

180 2122 239 2188 est,
259 2133 324 2178 non
343 2112 383 2177 D.
403 2111 546 2188 Galilao,
565 2131 657 2196 quem
674 2132 739 2178 non
757 2115 863 2176 minus
878 2113 1220 2196 philosophumenon
1237 2118 1359 2180 mutne-

182 2227 333 2289 malicum
349 2225 501 2288 eui-mium
517 2241 666 2304 apnosco,
685 2242 722 2288 ac
738 2225 867 2306 proinde
887 2224 1066 2298 cinitoni,
1077 2233 1136 2288 aut
1147 2229 1310 2292 constituti
1324 2228 1360 2290 de

183 2336 233 2399 llis
252 2333 343 2398 relus
362 2341 426 2397 tam
443 2335 546 2407 miris,
564 2353 602 2398 ac
624 2334 795 2415 paradoxis
818 2341 1007 2398 statuentem
1034 2333 1159 2408 audiui,
1186 2336 1240 2399 sed
1267 2336 1361 2417 culpo

180 2447 331 2530 sumu,
360 2447 415 2527 qui
442 2463 482 2509 ea
504 2446 552 2509 lis
574 2444 856 2518 obseruationibus,
876 2461 1015 2526 quarum
1032 2461 1144 2507 causas
1158 2445 1359 2526 pnitosopnts,

180 2575 220 2623 ac
249 2557 445 2620 naturalium
462 2557 608 2621 studiosis
627 2556 833 2620 observandos
854 2556 1020 2637 proponit,
1035 2553 1131 2636 {alsae
1150 2554 1361 2619 conclusiones

178 2668 290 2733 deduci
302 2674 410 2749 putat,
428 2673 458 2730 et
476 2667 682 2748 antiquorum
700 2666 996 2747 deliramentum
1009 2665 1097 2746 infra
1109 2664 1214 2745 fusius
1233 2663 1361 2727 demon

177 2774 357 2842 serotinus.
376 2773 464 2840 Sunt
481 2785 604 2850 autem,
625 2795 697 2858 qua
715 2777 751 2839 in
769 2775 864 2840 Luna
881 2775 1033 2849 obserant,
1043 2775 1183 2856 primurn
1194 2774 1362 2856 inequali-

180 2894 228 2952 tos
245 2886 314 2967 mus
332 2888 522 2970 superficiei,
541 2904 638 2967 quam
656 2887 754 2950 lenem
770 2887 941 2967 huiusque,
960 2894 990 2949 et
1006 2884 1188 2967 perpolitam
1202 2885 1285 2949 dicit
1299 2903 1362 2948 an-

180 2996 325 3077 tiquitas,
353 3015 424 3078 qua
453 3014 523 3060 eam
550 3014 652 3062 unum
682 3015 723 3061 ecc
751 2994 922 3078 Spdcrilus
945 2995 1117 3076 judicavit:
1135 2996 1269 3058 alterum
1287 3012 1360 3058 nero

181 3103 377 3171 tenebrosum
393 3107 549 3188 quoddam
567 3108 672 3170 lumen
690 3109 725 3170 in
742 3108 810 3188 ejus
828 3105 915 3187 plolto
933 3113 1128 3186 conspectum
1142 3104 1361 3184 cumprimum

181 3218 294 3299 incipit
307 3216 473 3295 illustrari,
488 3227 583 3301 atque
598 3236 697 3301 opaca
714 3219 782 3300 ejres
796 3227 888 3300 parte
907 3219 1001 3280 etiam
1018 3216 1054 3278 in
1074 3213 1206 3279 tenecrts
1225 3216 1362 3279 circnm-

181 3329 349 3408 scriptum,
367 3328 505 3412 deinceps
524 3348 597 3394 uero
620 3337 771 3393 crescente
791 3329 907 3392 lumine
925 3343 1124 3398 evanescens,
1143 3326 1189 3389 ito
1207 3333 1243 3389 nt
1264 3326 1361 3389 veluti

179 3433 279 3502 luna
289 3440 395 3503 minus
412 3458 509 3522 quam
520 3439 639 3514 sextili,
659 3439 706 3504 nel
722 3439 828 3503 sectili
845 3444 981 3518 aspectu,
992 3432 1093 3500 aSole
1110 3435 1245 3500 distante
1260 3438 1360 3518 napis

179 3557 227 3613 ett
243 3548 352 3613 eodem
368 3551 405 3614 in
421 3551 577 3632 quadrato
595 3560 722 3633 aspectu
739 3552 922 3622 constituto,
943 3556 972 3611 et
987 3555 1140 3611 crescente
1151 3545 1231 3610 Solis
1244 3548 1360 3611 lumine

175 3659 336 3741 paulatim
354 3660 516 3742 lanpueat,
535 3670 565 3724 et
581 3669 762 3727 marcescat.
781 3659 928 3725 Primum
945 3657 1070 3739 quidem
1086 3656 1191 3720 multis
1214 3657 1362 3722 obserua-

178 3767 337 3842 tionibus,
355 3776 385 3833 et
402 3772 580 3835 certissimis
596 3770 725 3853 probat:
742 3788 780 3834 oc
797 3771 902 3852 prima
924 3777 981 3842 est,
1009 3768 1115 3831 statim
1143 3774 1238 3849 atque
1266 3767 1362 3831 Luna

179 3875 300 3940 lumine
327 3879 511 3961 foecundata
540 3880 628 3944 nolis
656 3882 822 3962 manifesto
850 3886 993 3960 apparet,
1013 3895 1119 3958 nempe
1138 3879 1278 3958 quinque
1294 3885 1363 3957 post

180 3985 434 4066 coniunctionem
457 3990 578 4067 diebus,
608 3990 655 4054 nel
676 4008 748 4053 cum
770 3989 812 4052 ad
829 3987 1162 4069 primamperoenerit
1185 3986 1364 4068 quadratu-

179 4112 266 4170 ram,
290 4099 320 4161 si
342 4098 410 4179 ejus
431 4103 608 4185 superficies
628 4101 705 4165 lenis
725 4107 816 4172 esset,
836 4106 930 4179 atque
960 4099 1102 4179 aqualis,
1127 4105 1195 4160 tum
1217 4114 1361 4178 opacum,

182 4211 213 4266 et
227 4203 366 4271 lucidum
380 4209 465 4274 linea
490 4212 565 4285 leni,
585 4221 613 4275 et
631 4210 745 4293 aquali
764 4208 1046 4289 distlnpuerentur,
1065 4225 1173 4290 nempe
1191 4207 1273 4272 ouali
1289 4214 1361 4269 ante

184 4323 329 4380 ceuton
358 4319 603 4400 quadraturam,
632 4329 718 4385 recto
740 4329 847 4384 autem
869 4321 904 4383 ln
926 4318 1138 4400 quadratura,
1156 4327 1251 4401 prout
1271 4317 1360 4384 unu.

182 4431 279 4506 alque
295 4429 426 4510 oeqmlis
446 4433 514 4513 eius
534 4440 610 4495 esset
628 4434 819 4516 superficies:
836 4439 871 4496 at
893 4439 1002 4495 contro
1024 4439 1153 4512 apparet
1175 4449 1216 4493 ea
1240 4429 1362 4492 telesco-

267 4534 391 4594 Gmnno
409 4538 651 4598 Gaurum-Tou.
670 4540 717 4598 lll.
837 4544 840 4550 '
1167 4538 1211 4589 tt*
