3096 5154
436 347 580 396 comm
600 348 829 410 cacoinbucte
849 348 985 396 neccsse
1005 324 1111 394 sotim
1300 325 1365 394 ets

267 486 399 552 Primus
422 484 507 549 illius
530 487 690 549 contuitus
709 487 787 549 mibi
808 483 917 566 obtipit
937 483 979 550 30
1002 486 1125 558 oscetin
1148 503 1209 565 quo
1231 492 1364 567 temporo

177 600 270 666 stella
292 597 324 660 1>
347 596 506 678 lonpitado
529 613 551 659 a
572 595 647 660 done
670 598 734 678 [uit
757 597 778 660 6
800 598 898 662 veluti
920 599 1133 669 minutorum,
1156 603 1279 676 quanta
1299 597 1365 678 [uit

178 710 312 778 latitudo
328 696 480 772 australis
498 706 591 770 stella
610 704 652 779 Ε,
672 707 764 788 cujus
784 706 943 787 lonpitudo
962 705 1076 770 01000
1093 706 1159 787 fuit
1172 706 1367 769 minutorum

177 825 276 905 [mmo
293 817 325 886 8.
349 816 484 882 Ultimus
502 816 586 880 illias
605 826 748 898 aspectus
765 816 879 881 accidit
896 815 919 880 8
933 815 1044 900 aprilis
1060 815 1108 879 die
1124 813 1141 899 (
1144 831 1220 879 nom
1234 829 1369 894 sequen·

180 931 262 996 tibus
280 928 403 999 diebus,
421 928 517 991 etiam
538 925 775 1006 dilipentissime
798 928 946 1008 quatita,
971 929 1040 991 oieo
1063 927 1196 990 ulterius
1220 941 1286 988 non
1309 931 1367 997 est,

180 1040 304 1105 tametsi
325 1039 395 1103 alia
417 1034 543 1100 stellula
563 1034 699 1101 loniulcs
719 1036 767 1100 ool
783 1038 922 1101 minima
941 1043 1168 1118 comparerent,
1190 1034 1369 1116 totumque

181 1150 345 1231 etreliqua
357 1148 466 1212 omnio
479 1145 657 1230 soverent),
673 1165 735 1228 qao
747 1155 881 1229 tempore
894 1147 1027 1212 latitudo
1038 1147 1166 1210 stabula
1177 1144 1209 1210 E
1220 1144 1370 1212 australis

181 1263 246 1345 {uit
268 1259 374 1326 eadem
395 1276 466 1340 pua
488 1258 537 1322 die
560 1255 603 1322 30
625 1259 749 1332 martii,
768 1266 802 1322 at
821 1277 896 1324 erm
915 1258 1077 1338 loupitudo
1093 1257 1135 1321 ad
1152 1257 1260 1323 locem
1278 1257 1372 1339 quasi
1471 1322 1473 1326 Α

184 1369 288 1442 nulla:
304 1377 414 1434 centra
432 1369 516 1432 enim
534 1375 600 1431 tom
620 1367 709 1432 lovis
732 1365 777 1441 A,
802 1386 899 1450 quom
922 1368 1015 1432 stella
1033 1365 1080 1444 Ε,
1103 1370 1300 1434 concurrisse
1321 1368 1373 1432 oi-

183 1481 298 1546 dcntur
319 1477 342 1544 8
365 1478 476 1561 aprilis
497 1479 534 1542 in
555 1477 688 1542 eandem
717 1475 780 1540 ΛΕ
801 1477 1090 1559 perpendicularem
1107 1478 1151 1542 od
1167 1485 1286 1542 reetom
1304 1475 1372 1542 BG.

183 1589 291 1672 Ipitur
311 1607 334 1653 a
355 1588 404 1652 die
426 1589 536 1651 martii
559 1585 601 1651 30
625 1587 668 1651 ad
688 1585 711 1651 8
734 1587 844 1669 aprilis
868 1588 1034 1663 inclusive,
1056 1589 1099 1652 ad
1119 1588 1374 1668 conjunctionem

183 1718 283 1782 nsque
299 1699 388 1765 loris
406 1707 436 1763 et
452 1697 547 1762 stella
565 1698 662 1780 leuius
681 1695 723 1771 Ε,
742 1708 927 1780 consumpta
944 1709 1021 1764 sunt
1038 1701 1165 1764 ndnuto
1182 1697 1214 1763 8.
1228 1699 1375 1782 ,luppiter

184 1818 306 1884 antem,
325 1810 375 1873 bis
393 1810 470 1891 ipsis
489 1807 612 1885 diebus,
630 1827 653 1872 a
671 1809 712 1873 30
733 1810 887 1874 nimirum
904 1811 1014 1874 martii
1029 1808 1239 1892 ad8opritis,
1246 1827 1375 1892 proces·

184 1923 225 1985 sit
241 1928 354 1986 contra
370 1921 536 2000 sipnornm
554 1921 810 2002 mnmpuente'am
832 1919 873 1984 ab
901 1929 976 1984 ortu
1005 1922 1041 1985 in
1069 1939 1215 1986 occasum
1241 1920 1374 1985 minutis

185 2032 353 2097 minimum
371 2028 423 2095 ld.
442 2027 638 2111 Impossibile
655 2047 730 2110 erpo
747 2037 807 2103 est,
825 2037 862 2093 ut
881 2030 970 2096 stella
988 2029 1021 2094 Ε
1036 2033 1137 2114 [eterit
1154 2035 1237 2116 pluas
1254 2033 1334 2097 olias
1353 2029 1375 2094 8

186 2141 297 2224 aprilis
315 2159 381 2206 non
397 2142 511 2222 [auset
528 2140 700 2221 conjuncto
717 2141 789 2205 Jooi
808 2142 995 2219 lateraliter,
1017 2144 1072 2208 sed
1092 2142 1133 2207 ab
1156 2143 1261 2208 eodem
1280 2159 1375 2225 pomo

188 2261 314 2316 retenta
330 2258 408 2316 esset
424 2268 534 2316 mesas
551 2259 673 2324 ortum:
692 2252 747 2316 boc
765 2259 873 2316 aumm
882 2253 1006 2335 [aetum
1016 2271 1082 2318 non
1092 2260 1151 2328 est,
1162 2255 1263 2335 ipitnr
1274 2271 1376 2336 neque

189 2365 258 2445 fida
285 2368 345 2426 eet:
372 2362 510 2425 erratim
537 2379 611 2443 erpo
629 2371 674 2424 est
692 2362 733 2425 od
749 2361 866 2426 donem.
887 2361 1030 2445 Cumque
1049 2361 1092 2427 30
1110 2365 1221 2428 martii
1236 2362 1376 2446 ampulas

189 2469 295 2545 tots,
317 2488 340 2535 a
358 2469 435 2536 Jooe
465 2479 494 2534 et
519 2470 614 2534 stellis
632 2470 663 2534 D
680 2481 710 2535 et
730 2471 763 2535 Ε
779 2480 1037 2555 representatas,
1054 2475 1154 2556 (uerit
1170 2474 1275 2554 major
1292 2483 1377 2539 recto

190 2601 289 2665 usque
306 2581 349 2647 ad
365 2582 386 2646 li
404 2581 529 2664 aprilis,
548 2590 577 2644 et
595 2599 637 2646 ese
655 2581 707 2647 illo
726 2591 859 2665 tempore
876 2601 998 2665 semper
1019 2585 1125 2648 minor
1146 2589 1245 2656 reolo,·
1267 2600 1377 2647 conse-

188 2712 288 2777 omns
305 2701 364 2767 est,
383 2700 503 2758 motum
521 2691 614 2756 stella
632 2689 664 2756 Ε
680 2703 885 2775 apparentem
901 2690 1084 2758 velociorem
1093 2695 1194 2775 fuisse
1205 2693 1377 2757 motustel-

188 2804 226 2869 la
242 2802 285 2869 D.
301 2800 348 2867 Et
364 2803 431 2867 leae
449 2811 496 2866 est
512 2804 597 2869 ratio
614 2820 695 2878 ona,
714 2821 785 2884 quo
804 2805 865 2868 buc
883 2822 932 2868 me
956 2805 1098 2887 impulit:
1119 2805 1223 2886 accipe
1245 2804 1377 2869 alteram

191 2932 257 2980 non
272 2915 380 2978 minae
397 2914 563 2995 efficacem.

279 3021 382 3089 Stella
397 3026 471 3108 fiam
489 3024 602 3088 eodem
619 3041 740 3106 semper
757 3034 925 3106 00000000,
947 3025 1028 3088 Coelo
1049 3043 1158 3090 sereno
1183 3035 1214 3090 ct
1235 3026 1391 3096 obscuris

193 3132 353 3208 noctibus,
375 3143 404 3198 et
426 3134 504 3198 lueis
526 3133 713 3199 claritudine
736 3143 766 3198 ot
788 3135 1007 3216 moenitudine
1029 3135 1141 3209 niolio,
1161 3143 1196 3199 at
1218 3137 1281 3201 isto
1301 3137 1377 3202 etel-

195 3242 261 3309 lula
286 3242 333 3318 Ε,
359 3262 432 3309 oum
454 3244 497 3310 30
515 3248 625 3312 martii
641 3265 674 3310 ee
692 3246 782 3311 nobis
797 3245 952 3328 preberet
970 3245 1133 3311 visendam
1150 3255 1180 3312 et
1198 3247 1376 3315 lucentissi-

194 3371 281 3421 mem
296 3363 327 3420 et
342 3357 518 3420 matriniam
531 3374 590 3438 per
610 3357 721 3421 tubam
740 3356 863 3441 (utpote
882 3364 1019 3431 tantam,
1048 3365 1171 3439 quanta
1199 3367 1244 3424 est
1274 3359 1377 3426 libera

192 3465 356 3532 oculorum
376 3468 457 3531 aciei
477 3467 566 3531 stella
588 3466 730 3549 qualibet
752 3468 880 3532 bonoris
900 3468 1014 3549 primi,
1036 3476 1067 3532 et
1085 3476 1210 3550 quanta
1227 3470 1379 3535 meteone

192 3579 312 3660 quavis
328 3585 494 3660 conspecta
515 3586 561 3641 est
582 3577 670 3642 stella
690 3573 854 3663 Jooialis),
877 3579 994 3643 sensim
1017 3587 1124 3643 mmen
1145 3577 1382 3643 succedentibus

192 3687 316 3762 diebus,
338 3688 375 3751 in
397 3689 541 3770 utrisque
563 3689 688 3770 defecit,
711 3691 758 3753 ito
779 3697 815 3753 ut
833 3691 971 3774 reliquos
990 3690 1126 3756 stellulae
1143 3689 1245 3764 Joois,
1264 3689 1379 3772 quibos

192 3806 269 3863 onte
292 3815 357 3879 par
383 3798 506 3878 suerat,
526 3798 694 3874 desereret·
710 3802 813 3865 donec·
826 3802 952 3867 tandem
969 3801 1018 3867 oel
1032 3800 1173 3864 minimis
1189 3799 1338 3882 inferior,
1358 3797 1385 3862 8-

193 3909 322 3990 aprilis,
341 3909 527 3990 pestutum
545 3915 846 3992 prestantissimum
860 3914 1035 3995 «spessime,
1057 3910 1139 3975 Caelo
1162 3910 1229 3974 lieet
1251 3909 1382 3972 lucidis-

194 4018 498 4102 simo,ultimumque
516 4023 586 4086 uiso
603 4032 664 4096 est,
683 4032 756 4086 cum
775 4032 894 4097 tamen,
913 4021 1020 4087 diebus
1035 4023 1149 4105 prinus
1166 4038 1233 4086 sua
1249 4023 1383 4103 appari-

197 4131 306 4205 tionis,
325 4129 408 4196 tubis
427 4133 523 4197 ctiam
541 4134 740 4199 debilioribus
759 4143 853 4199 semet
870 4137 1026 4215 inpereret
1044 4134 1236 4199 luculentam
1253 4135 1331 4198 sotis
1353 4143 1383 4196 ct

197 4243 427 4324 corpulentam:
444 4253 511 4326 post
529 4243 551 4308 8
569 4254 676 4310 autem
694 4247 803 4329 aprilis
821 4246 864 4310 od
887 4246 971 4310 bunc
993 4264 1094 4328 usqne
1116 4246 1211 4321 dmm,
1235 4265 1296 4329 qao
1319 4248 1382 4309 bac

196 4352 312 4430 terlbe,
330 4357 468 4439 conspici
483 4357 610 4439 penitus
630 4358 770 4432 desierit,
789 4377 861 4423 eum
882 4367 986 4424 tannen
1005 4361 1075 4424 ctio
1095 4377 1160 4423 seso
1178 4357 1304 4424 stellula
1327 4356 1389 4417 do·-

196 4465 307 4543 olalee,
330 4467 407 4534 lacis
431 4477 460 4533 et
483 4471 619 4549 corporis
643 4472 739 4536 medio
758 4487 856 4551 naam
872 4471 1050 4554 potiebatur
1072 4469 1160 4538 stello
1183 4468 1214 4533 Ε
1236 4465 1389 4540 minoris,
