3304 5282
339 427 403 492 290
723 429 825 478 scacos
847 425 952 475 casso
974 427 1013 471 ca
1036 416 1136 469 ansts

340 589 401 653 tos,
430 587 566 658 quonam
590 576 682 652 pacto
701 569 821 639 iumcn,
841 582 913 628 curn
931 560 1070 643 quotieas
1089 557 1129 618 sit
1152 561 1180 617 et
1195 549 1352 621 accidens,
1372 547 1527 614 substan-

339 691 415 752 tiam
431 698 581 766 pcnercre
596 679 709 762 parsit,
728 693 836 757 nempe
856 671 981 754 ionem?
1004 667 1113 750 Neque
1134 662 1292 745 responsio
1314 659 1527 725 coronantur

339 798 435 862 aicta
453 793 529 858 totta
548 787 773 874 difficultatem,
788 783 1027 868 productionem
1044 777 1128 859 ionis
1150 792 1171 837 a
1195 773 1311 836 lumine
1333 787 1400 834 csse
1422 769 1526 850 aqui-

339 923 462 978 cocamc
478 919 551 966 curn
568 901 623 964 icoc
643 896 724 960 ninii
739 893 829 959 aiiud
846 893 942 965 dicat,
961 890 1025 954 nisi
1044 889 1149 952 tumen
1167 901 1230 948 esse
1245 882 1374 946 diuersa
1389 879 1525 944 rationis

339 1016 379 1080 ab
399 1017 471 1096 ipne
484 1009 652 1096 producto:
669 1014 704 1070 at
721 1001 884 1088 difficultas
902 1007 1057 1072 romanet,
1077 1011 1216 1078 quonam
1242 998 1334 1074 pccto
1362 989 1523 1058 acidens,

340 1125 424 1209 quod
440 1142 506 1190 non
523 1129 569 1186 est
586 1135 641 1183 ens
656 1117 720 1182 nisi
734 1133 794 1198 per
810 1111 913 1185 atton,
928 1111 1027 1192 possit
1041 1105 1213 1190 producere
1227 1101 1436 1166 suostantiam
1449 1113 1525 1178 qua

339 1247 384 1302 est
402 1253 456 1301 ens
470 1249 529 1316 per
546 1229 598 1294 se?
619 1225 680 1292 Est
701 1227 809 1298 etiam,
827 1229 992 1306 proteron,
1012 1225 1124 1282 contra
1141 1211 1356 1284 Aristotelem,
1376 1208 1417 1272 12
1444 1205 1525 1274 Met.

338 1365 410 1430 par.
430 1343 472 1410 13
489 1361 530 1407 en
548 1337 663 1404 Acerr.
682 1337 829 1408 sectione,
848 1332 904 1395 ubi
928 1331 1050 1412 inspuit,
1074 1343 1197 1391 omnem
1222 1321 1431 1387 substantiam
1455 1318 1527 1401 peri

342 1459 382 1522 ab
397 1457 547 1527 univoco,-
561 1450 625 1515 nisi
642 1447 736 1520 dicat,
754 1447 802 1508 ita
820 1444 926 1507 lanan
939 1439 1113 1523 poducere
1140 1433 1350 1498 subtantiam
1371 1426 1526 1512 quemad-

342 1569 469 1634 moiuns
485 1561 651 1648 [annua
669 1559 777 1629 ctiam,
796 1553 941 1637 quamvis
960 1551 1024 1615 sint
1037 1545 1228 1618 accidentia,
1243 1541 1433 1606 mortanum
1442 1555 1525 1619 pro-

343 1681 456 1745 ducere
473 1676 639 1744 dicuntur:
656 1676 693 1732 ut
710 1684 784 1730 cum
801 1665 947 1736 dicimus,
963 1659 1136 1743 potentiam
1152 1654 1366 1736 pcneratirnm
1387 1647 1525 1713 nominis

341 1789 512 1872 potum
540 1791 570 1846 et
597 1793 748 1862 pencrarc
777 1774 948 1845 nominans
965 1768 1048 1852 quod
1065 1767 1145 1830 ninii
1161 1762 1251 1828 atiud
1266 1769 1311 1826 est
1327 1760 1442 1832 dicere,
1461 1757 1527 1820 nisi

343 1902 509 1981 ipsummet
526 1893 697 1961 homiuem,
712 1902 771 1968 per
788 1901 858 1947 eam
876 1879 1085 1963 aptitudinem
1103 1893 1200 1958 quam
1211 1872 1302 1938 nabet
1313 1869 1526 1950 casuoprin-

344 2009 425 2088 cipio
442 2001 571 2086 famati
588 2007 617 2060 et
634 1997 833 2068 animastico,
854 1992 1010 2056 nominem
1027 2003 1187 2068 pcnerore.
1205 1981 1278 2048 Nou
1294 1985 1340 2046 ita
1352 1989 1458 2046 autern
1472 1978 1525 2042 ci-

346 2117 469 2186 temus,
486 2110 593 2173 iumen
610 2123 761 2187 pencrcrc
780 2106 899 2185 ipnenr,·
916 2101 981 2164 nisi
991 2099 1132 2162 dicamus
1143 2112 1255 2178 carpus
1268 2091 1454 2158 tuscanen
1464 2105 1525 2152 suo

343 2221 500 2304 principio
509 2215 637 2301 [mutati
646 2233 798 2296 penerare
809 2216 927 2296 ipncm,
940 2211 1058 2274 iumine
1069 2207 1240 2280 medionec,-
1256 2212 1287 2268 et
1303 2204 1350 2268 ita
1365 2200 1526 2284 peneratio

345 2331 429 2412 ipnis
447 2329 489 2393 ad
503 2327 697 2410 principium
712 2325 843 2408 [orncaie
861 2323 996 2404 corporis
1024 2318 1119 2382 lucidi
1148 2318 1208 2381 erit
1235 2313 1418 2397 reserenda3
1446 2307 1528 2393 quoi

347 2442 476 2505 minime
503 2438 690 2522 fatebuntur
719 2434 923 2501 Aristotelici:
952 2434 980 2497 si
1002 2433 1087 2495 enirn
1105 2430 1159 2493 icor
1176 2426 1362 2500 concedant,
1381 2431 1527 2506 sequetur

349 2547 452 2616 Solem
469 2567 533 2614 csse
552 2551 695 2631 ipneum,
714 2555 743 2610 et
756 2561 890 2629 prorsus
909 2543 1046 2624 ejusden
1063 2540 1196 2606 rationis
1216 2555 1289 2602 cum
1311 2544 1420 2601 nostro
1442 2537 1528 2616 ipae:

349 2663 433 2746 quod
448 2663 495 2726 ito
510 2662 669 2742 sequitur:
687 2676 777 2732 nam,
797 2675 870 2722 cum
888 2673 929 2718 ecc
948 2653 1065 2718 lumine
1083 2649 1182 2725 Satis,
1200 2651 1235 2714 in
1253 2665 1388 2713 consano
1404 2647 1528 2728 rmeuto

348 2779 478 2860 rolleno,
497 2781 663 2856 pencretur
681 2772 764 2851 ionis
784 2767 922 2850 ejusdem
939 2764 1073 2828 rationis
1090 2780 1163 2828 cum
1180 2761 1243 2826 ctio
1265 2762 1337 2842 ipnc
1357 2758 1463 2840 penita
1486 2775 1528 2820 ec

350 2889 405 2950 noc
434 2889 572 2948 nostrata
601 2882 689 2962 ipnc;
714 2879 743 2942 si
772 2877 842 2941 toiis
864 2877 947 2958 ipris
969 2879 1137 2955 persecatus
1155 2874 1316 2955 resecatur
1330 2867 1372 2932 ati
1387 2869 1527 2950 [arctant

351 2996 487 3078 corporis
507 2991 615 3064 lucidi,
634 2989 808 3054 necessaria
825 2992 988 3069 sequetur,
1008 2983 1104 3066 quad,
1123 2984 1151 3048 si
1169 2983 1252 3064 ipnis
1272 2981 1393 3062 penitus
1411 2995 1434 3040 a
1457 2975 1528 3040 Scir

350 3117 396 3172 est
412 3105 552 3188 ejusdcm
568 3101 701 3166 rationis
720 3097 775 3182 (ut
792 3093 948 3180 uidemus)
968 3112 1041 3160 curn
1058 3095 1131 3175 ipnr
1148 3095 1252 3174 penita
1281 3089 1321 3154 ab
1351 3089 1415 3152 aiio
1444 3089 1530 3169 ipnn

351 3219 391 3281 sit
418 3215 588 3297 productus
617 3219 646 3276 ct
674 3211 799 3292 penitus
816 3227 839 3272 a
854 3209 958 3291 [cruca
975 3207 1110 3288 corporis
1129 3205 1224 3269 lucidi
1241 3203 1379 3286 epusdmr
1396 3203 1530 3267 rationis

353 3343 425 3388 cum
443 3334 551 3389 nostro
569 3326 651 3404 ipnc.
669 3319 758 3386 Addo
773 3321 821 3385 nir
832 3318 1154 3400 aiiudarpumcntum
1168 3333 1209 3380 ea
1222 3314 1410 3398 reflexione,
1423 3311 1531 3378 urire·

352 3433 506 3516 fractione
518 3432 697 3497 radiorum:
719 3432 842 3496 sienim
855 3429 940 3496 radii
957 3435 1014 3493 aut
1031 3429 1110 3493 recti
1121 3425 1308 3509 proccciuut,
1326 3433 1387 3488 aut
1403 3427 1532 3507 retran-

353 3549 477 3624 puntur
494 3541 543 3606 aci
559 3541 777 3624 reflectuntur,
797 3558 919 3606 neccsse
937 3549 995 3613 cst,
1018 3547 1054 3602 ut
1076 3541 1139 3602 sint
1168 3553 1314 3618 corpora·
1343 3537 1392 3599 nee
1420 3536 1532 3598 etenim

349 3653 513 3738 passiones
531 3671 596 3716 non
614 3654 677 3716 nisi
694 3651 873 3734 corporibus
896 3658 1064 3732 competere
1082 3657 1225 3731 possunt.
1247 3645 1311 3710 Sosi
1332 3645 1532 3728 respondent,

354 3764 566 3848 reflexionem,
579 3763 627 3828 oet
636 3763 857 3844 retractionem
871 3780 935 3826 non
949 3761 1011 3825 dici
1025 3761 1088 3824 nisi
1101 3759 1306 3842 metaphorice
1317 3758 1354 3822 eie
1366 3757 1488 3822 lamine
1499 3775 1534 3820 ac

352 3875 468 3950 radiis3
478 3892 542 3938 non
553 3875 637 3938 enim
648 3871 824 3946 inmenaut
835 3871 1003 3946 rceiii,oere
1011 3871 1184 3953 procedunt
1194 3877 1355 3944 rocta,aut
1365 3866 1537 3947 obliquan-

354 3988 620 4070 tur,quosimotu
634 3983 723 4049 iocati
741 3981 834 4068 (tunc
853 3983 937 4047 enirn
955 3999 1075 4046 necesse
1092 3983 1187 4064 foros,
1215 3997 1278 4043 csso
1298 3973 1462 4060 corpora),·
1480 3977 1537 4038 scri

354 4099 481 4179 quando
498 4099 600 4162 uirtus
618 4097 723 4160 activa
741 4096 877 4177 corporis
897 4093 992 4160 lucidi
1010 4111 1075 4158 non
1093 4100 1138 4156 est
1156 4091 1292 4157 totaliter
1311 4089 1478 4157 eciamta,
1505 4095 1536 4148 et

354 4224 419 4272 non
448 4215 573 4270 tantum
601 4206 743 4270 causaris
771 4213 929 4286 quantum
952 4211 1052 4285 potest
1080 4217 1227 4274 causare,
1247 4209 1335 4272 tnnc,
1354 4193 1488 4259 aterius
1507 4197 1537 4257 si

354 4333 420 4381 non
427 4323 527 4397 potest
537 4313 709 4380 secundum
720 4313 833 4378 tineam
848 4323 965 4379 rectam
982 4329 1073 4393 apere
1093 4309 1281 4396 (secantium
1300 4327 1396 4391 quara
1412 4313 1538 4370 natma

353 4427 492 4491 manime
510 4425 589 4505 opit,
608 4426 686 4507 quia
704 4423 758 4489 iiia
776 4433 821 4488 ert
834 4425 1016 4491 brevissima
1027 4432 1056 4486 et
1068 4419 1332 4506 efficacissimaad
1343 4415 1538 4500 apcndurn),

353 4535 711 4621 cpitsecundumatiarn
724 4535 836 4602 lincam
856 4536 909 4600 isti
923 4535 1191 4616 propinquiorem,
1212 4539 1239 4596 rt
1260 4533 1314 4594 noc
1332 4529 1474 4610 tractam
1489 4525 1538 4591 cet
