3096 5154
584 344 812 397 ssrrottontcus
832 345 958 396 umerus
1312 328 1355 395 so

267 481 328 549 nie
345 482 479 560 ultima,
497 482 580 548 liora
595 485 755 562 munda,
767 486 848 552 visse
863 488 941 551 sunt
955 482 1130 550 orientales
1145 478 1252 548 Stella
1271 485 1358 561 due,

181 610 249 659 una
264 611 346 659 vero
373 592 530 658 occidua:
560 594 772 659 orientalium
799 594 910 659 media
938 611 959 659 a
984 593 1067 659 Jove
1095 593 1210 657 aberat
1237 595 1357 659 minii

180 717 245 766 sec.
261 700 320 780 itt,
350 700 544 767 orientalior
564 718 646 768 vero
672 703 714 767 alr
741 701 812 784 ipsa
839 703 951 769 media
967 703 1048 768 min.
1068 702 1089 766 t)
1107 719 1172 767 sec.
1191 699 1248 767 30:
1268 705 1358 768 occi-

185 897 266 988 οξ.
538 895 656 983 aas
774 856 877 1063 Θ
1126 896 1170 985 aa
1249 897 1356 988 occ.

179 1143 321 1209 dentalis
338 1143 482 1209 distabat
499 1162 520 1209 a
537 1144 619 1210 Jove
636 1144 716 1208 min.
740 1141 796 1208 lo:
825 1147 922 1209 erant
949 1144 984 1207 in
1012 1144 1128 1209 eadam
1155 1147 1246 1209 reota
1272 1144 1361 1208 linea

179 1254 344 1335 proxime,
365 1255 535 1319 orientalis
556 1259 687 1320 tantum
704 1254 781 1319 Jovi
801 1253 944 1319 vicinior
961 1253 1129 1320 modicum
1151 1254 1307 1337 quiddam
1325 1255 1361 1318 in

181 1363 441 1447 Septentrionem
474 1366 678 1432 elevabatur.
711 1364 802 1430 llora
830 1380 911 1428 vero
938 1369 1074 1446 qumta,
1096 1364 1170 1431 dnae
1188 1363 1362 1429 orientales

184 1559 264 1650 er.
617 1558 716 1648 ss
748 1516 851 1725 Qu)
1068 1560 1092 1610 *
1251 1560 1358 1650 000.

177 1808 356 1874 viciniores
373 1808 417 1873 ad
434 1807 579 1873 invicem
596 1806 704 1873 adhuc
733 1809 844 1882 erant3
872 1806 1011 1871 aberant
1039 1805 1129 1870 enim
1156 1805 1364 1890 solummodo

177 1919 259 1983 min.
276 1935 340 1983 sec.
351 1917 406 1984 20.
416 1916 579 2001 Apparuit
592 1916 728 1982 inhisoe
737 1915 1022 1982 observationibus
1031 1914 1246 1980 occidentalis
1261 1913 1361 1980 Stella

179 2029 259 2094 satis
276 2030 409 2112 exigua.

268 2137 329 2200 Die
346 2137 518 2202 Februarii
534 2138 656 2220 prima,
685 2136 768 2202 hora
795 2136 902 2201 noctis
924 2134 1085 2213 secunda,
1102 2134 1283 2201 consimilis
1300 2135 1363 2201 luit

181 2246 385 2311 constitutio.
399 2245 549 2311 Distalrat
563 2246 756 2311 orientalior
770 2243 870 2310 Stella
881 2245 994 2310 aJove
1008 2246 1088 2312 min.
1101 2243 1137 2322 6,
1149 2243 1364 2310 ocoidentalis

181 2368 263 2449 vero
279 2349 315 2415 8:
334 2369 377 2451 ⁰¹..
393 2358 486 2436 parte
503 2354 657 2419 orientali
686 2354 788 2421 Stella
814 2354 967 2435 quodam
994 2353 1173 2421 admodum
1202 2354 1362 2439 exiguae

185 2545 266 2636 nr.
524 2547 568 2632 ξ
696 2508 825 2713 *Θ
1058 2548 1103 2636 aa
1252 2547 1359 2639 coc.

179 2792 262 2859 Jove
280 2793 424 2859 distabat
440 2793 578 2860 minutis
594 2793 748 2860 secundm
764 2794 823 2861 20:
841 2800 975 2862 rectam·
985 2797 1029 2861 ad
1045 2813 1192 2880 unguem
1209 2794 1362 2879 designa·

178 2903 260 2968 bant
276 2904 410 2968 lineam.
885 2977 887 2982 ,

266 3011 326 3076 llic
343 3012 622 3095 secunda‚1uxta
642 3014 732 3081 hunc
753 3015 911 3091 ,ordinem
931 3017 1012 3083 visse
1032 3020 1110 3082 sunt
1141 3015 1259 3081 stelle.
1288 3013 1361 3078 Una

181 3112 311 3187 tantum
328 3123 498 3187 orientalis
512 3140 534 3187 a
546 3122 629 3189 Jove
643 3124 786 3190 distabat
800 3127 881 3191 min.
896 3126 931 3191 6:
945 3126 1094 3208 luppiter
1109 3125 1151 3189 alr
1165 3122 1362 3189 occidentali

181 3231 335 3297 viciniori
352 3232 466 3298 aberat
482 3234 562 3298 min.
581 3232 621 3311 l;
639 3236 726 3301 inter
752 3235 854 3315 hanc,
879 3241 912 3302 et
928 3233 1217 3301 occidentaliorem
1237 3234 1317 3299 min.
1338 3229 1361 3296 8

186 3427 266 3521 or.
500 3390 862 3596 *Q*
985 3429 1029 3519 a
1174 3388 1411 3523 occ(

179 3677 244 3743 luit
262 3677 486 3759 intercapedo;
515 3683 609 3744 erant
626 3681 661 3743 in
679 3680 794 3746 eadem
812 3685 904 3746 recta
922 3681 965 3746 ad
981 3696 1144 3763 onmem,
1165 3683 1198 3745 et
1215 3677 1361 3762 ejusdem

180 3787 248 3852 fere
266 3787 512 3868 magnitudinis.
531 3788 594 3854 Sed
611 3789 694 3853 hora
721 3791 874 3875 septima,
901 3796 1046 3874 quatuor
1072 3789 1207 3855 aderant
1236 3787 1360 3862 stelle,

179 3898 266 3962 inter
282 3914 366 3978 quas
382 3896 401 3961 J
404 3898 532 3979 uppiter
549 3897 693 3963 mediam
710 3901 893 3983 occupabat
906 3901 1027 3964 sedem.
1042 3898 1169 3964 Harum
1184 3897 1360 3965 Stellarum

181 4006 373 4071 orientalior
391 4007 534 4072 distabat
551 4025 573 4071 a
589 4008 738 4089 sequenti
750 4009 830 4074 min.
840 4008 873 4085 l,
885 4009 955 4074 haec
966 4010 1079 4077 alove
1091 4008 1203 4076 min.1
1220 4023 1284 4073 seo.
1298 4006 1357 4073 tu:

186 4200 267 4291 or.
405 4201 448 4289 s
572 4162 758 4371 a&
884 4203 928 4292 ξ
1083 4206 1127 4338 ξ
1251 4205 1357 4296 occ.

183 4435 329 4520 iuppiter
351 4441 393 4505 ab
423 4439 623 4508 occidentali
639 4439 703 4507 sibi
729 4440 886 4508 viciniori
909 4442 1173 4522 chorasmos,
1192 4442 1263 4507 haec
1280 4452 1359 4503 vero
