3096 5154
502 373 540 418 oo
564 372 770 422 pannosiora
792 372 821 417 m
845 370 925 418 onon
949 360 1036 416 nono
1290 354 1354 420 305

175 518 237 573 stat
265 526 305 572 ea
331 508 469 570 matoria
497 515 525 571 ct
548 509 668 590 forma,
688 515 716 570 ct
731 506 811 569 nibil
824 524 958 587 prorsus
973 504 1063 569 babet
1080 507 1238 581 materia,
1254 524 1353 589 nequo

181 617 316 699 ciusdem
332 618 485 691 canonis,
504 635 604 701 nequo
621 617 767 686 divorsa,
786 634 859 678 cum
876 617 923 677 bis
934 614 1156 696 inferioribus:
1166 616 1220 679 secl
1230 625 1274 679 est
1285 636 1356 683 cor-

175 745 236 809 pus
253 726 534 809 simplicissimum,
552 744 589 790 ac
604 725 737 806 proinde
750 723 825 803 jure
844 722 956 785 noento
973 722 1157 787 clementum
1174 724 1215 788 ab
1231 721 1357 789 Aristo-

179 836 234 899 teli
251 835 449 917 appellatum.
468 832 507 898 Si
533 842 639 897 autom
653 834 708 896 boc
719 839 932 913 supponatur,
943 840 980 894 ut
992 829 1137 895 Plotinae
1149 834 1252 914 inquit
1264 834 1315 897 lib.
1329 835 1357 899 1.

179 943 325 1010 Enneacl.
344 944 376 1017 2,
394 944 478 1025 qnod
495 961 594 1024 noque
612 944 675 1024 ipse
693 944 762 1026 fieri
772 959 860 1023 posse
880 949 989 1022 nepot:
1004 959 1069 1004 non
1084 943 1143 1005 crit
1158 941 1277 1026 difficile
1292 954 1359 1010 sta·

181 1062 282 1129 turre,
303 1054 379 1118 Caii
397 1071 508 1135 corpus
527 1071 568 1117 ea
586 1055 637 1117 sui
657 1061 776 1117 natura
798 1070 862 1115 csse
885 1050 1137 1133 incorruptibile:
1155 1055 1238 1135 quod
1254 1065 1361 1121 autern

181 1166 245 1230 bac
271 1165 441 1246 suppositio
464 1162 634 1244 probabilis
662 1165 719 1234 sit,
737 1170 766 1225 st
785 1162 908 1226 nullum
926 1163 1084 1225 contineat
1101 1162 1290 1243 absurdum,
1308 1168 1362 1232 de-

181 1272 437 1338 monstrabimus.
455 1271 502 1336 Ac
518 1274 635 1353 primo,
655 1271 738 1353 quod
755 1273 795 1334 sit
805 1271 892 1334 valae
900 1271 1086 1352 probabilis,
1098 1275 1145 1337 ita
1155 1277 1361 1343 ostendemus.
1455 1269 1461 1278 ’

181 1382 236 1445 Aa
248 1384 405 1463 intepram
419 1384 671 1446 constitutionem
695 1381 840 1446 Universi
853 1381 967 1464 aliona
985 1381 1168 1448 substantia
1187 1396 1273 1462 sunt,
1292 1407 1363 1471 qua

183 1490 303 1553 nullom
322 1490 437 1554 babent
449 1493 637 1572 potentiam,
655 1493 708 1555 secl
721 1493 849 1555 omnino
868 1502 943 1556 sunt
957 1495 1034 1574 puri
1048 1502 1153 1569 actua·
1168 1505 1196 1559 ct
1210 1499 1273 1562 bac
1288 1510 1362 1565 sunt

182 1601 361 1664 nscersaria
389 1609 418 1664 et
447 1610 581 1676 aterum
600 1603 776 1683 cujusmodi
793 1610 838 1666 est
855 1605 975 1684 primns
994 1603 1113 1678 Molos,
1132 1615 1161 1669 ct
1177 1610 1271 1672 etiam
1288 1611 1364 1676 reli·

183 1729 252 1792 qna
270 1712 482 1793 intellipentio
498 1710 558 1797 (ab
574 1722 709 1777 mentem
727 1711 923 1798 Aristotelis)
942 1732 1014 1777 cum
1031 1715 1095 1778 sint
1112 1718 1241 1782 omnino
1254 1721 1365 1801 sejun-

184 1825 431 1888 ctaamatcria:
442 1833 471 1887 et
483 1825 679 1906 quamuisrit
693 1826 800 1906 primo
817 1825 959 1887 omnium
973 1825 1217 1905 perfectissima,
1236 1828 1365 1910 reliqua

185 1940 290 1997 autem
306 1934 413 1997 minus
427 1936 591 2016 pessula,-
608 1943 712 1998 tamon
730 1952 793 1996 non
804 1941 970 2014 propterea
984 1935 1143 2026 sequitur,
1158 1935 1194 1998 in
1209 1937 1285 2016 ipsis
1300 1957 1365 2001 csse

184 2039 323 2124 aliquam
339 2045 513 2123 potentiam
526 2045 708 2125 positivam,
727 2043 780 2106 sca
809 2043 988 2124 nepotioam
1018 2051 1158 2117 tantum,
1187 2065 1257 2127 oua
1286 2050 1367 2114 nibil

180 2154 271 2234 ponit
302 2153 338 2214 in
368 2169 447 2217 cssc:
474 2162 504 2217 st
532 2157 596 2218 bac
615 2153 835 2234 simplicissimi
852 2160 956 2226 actus,
976 2160 1005 2216 et
1023 2155 1151 2218 omnino
1168 2157 1365 2240 incorporea,

186 2269 274 2325 sunt.
297 2259 421 2344 Aliqua
442 2271 547 2327 autem
564 2263 851 2335 substantiarum,
871 2280 941 2343 ona
959 2281 1079 2343 sempor
1097 2263 1211 2329 babent
1229 2269 1366 2349 conjun-

188 2374 454 2461 ctampotentiom
463 2369 525 2462 (1),
537 2383 604 2438 tum
617 2373 722 2455 quoad
732 2389 808 2445 csse,
823 2372 900 2453 quia
910 2370 1080 2453 aliqnando
1091 2382 1180 2447 sunt,
1196 2375 1368 2458 aliquanao

189 2499 256 2546 non
273 2489 364 2556 sunt,
381 2491 449 2547 tum
465 2484 568 2565 quoad
584 2483 809 2565 operatimm,
833 2484 911 2563 onia
932 2501 997 2546 non
1020 2482 1135 2546 babent
1157 2487 1368 2564 operationem

181 2598 387 2671 perpetuam:
405 2600 434 2656 ct
448 2593 511 2657 boc
525 2600 600 2656 sunt
618 2591 812 2674 pencrabilia
828 2600 857 2655 st
875 2593 1092 2675 corruptibilia
1114 2608 1259 2674 corporo,
1282 2614 1368 2658 com-

181 2682 286 2782 posito
314 2718 356 2765 ca
383 2704 519 2767 materia
547 2711 575 2766 et
599 2704 718 2784 sonna,
737 2720 807 2783 qua
822 2703 950 2767 omnino
965 2710 1167 2784 opponuntur
1184 2701 1368 2767 substantiis

188 2813 323 2876 auron.
346 2808 440 2887 occo
456 2814 485 2877 si
502 2813 597 2877 datur
616 2814 679 2876 bac
697 2820 853 2886 satremn,
872 2829 994 2876 necesso
1010 2819 1055 2874 est
1070 2810 1143 2876 clari
1159 2811 1369 2876 substantiam

186 2920 335 2995 meliora,
354 2922 409 3014 boc
424 2930 485 2996 est,
504 2941 575 3004 oua
592 2923 692 2986 medio
710 2922 799 2987 morlo
816 2940 848 2986 sc
866 2921 977 2985 babeat
1000 2922 1085 2986 inter
1107 2922 1179 2991 bas,
1202 2930 1232 2984 et
1248 2924 1369 3004 partim

188 3030 230 3094 sit
247 3030 418 3112 coniuncta
435 3050 508 3096 cum
520 3034 678 3114 potentia,
697 3041 725 3096 et
739 3033 860 3114 partim
875 3048 957 3095 non:
975 3037 1069 3111 atquc
1083 3031 1256 3110 partimsit
1268 3038 1369 3105 actus,

184 3141 307 3220 parlim
323 3142 364 3204 sit
381 3141 497 3207 babens
514 3151 635 3216 actum,
651 3142 826 3223 cujusmodi
841 3149 885 3205 cst
903 3139 1018 3204 calesu
1037 3157 1167 3221 corpus,
1186 3140 1269 3222 quoa
1285 3150 1371 3206 acto-

191 3263 255 3311 nus
273 3256 427 3330 quatenus
444 3261 489 3316 est
506 3271 640 3336 semper,
655 3270 721 3316 nan
735 3250 825 3315 babet
838 3250 1012 3332 potentiam
1034 3247 1076 3312 aa
1104 3266 1185 3324 sssc,·
1212 3260 1370 3331 quotenus

189 3365 298 3422 amm
313 3368 470 3435 nouom,
490 3370 518 3425 ct
537 3361 605 3442 rjus
623 3363 705 3426 actio
725 3379 765 3424 ca
783 3360 834 3423 sui
853 3367 973 3423 natura
992 3365 1037 3421 cst
1054 3359 1147 3442 finita
1165 3356 1327 3444 (quamuis
1350 3379 1371 3423 a

140 3525 141 3529 ,
187 3477 307 3535 motare
325 3471 368 3534 sit
386 3472 544 3558 infinita),
565 3471 656 3536 babet
671 3471 845 3552 potentiam
861 3468 904 3532 acl
920 3466 991 3542 ubis
1008 3474 1038 3530 ct
1055 3467 1123 3532 ileo
1139 3468 1206 3549 cius
1221 3468 1371 3533 substan·
1483 3492 1486 3497 >

190 3581 249 3654 tia,
265 3589 423 3662 quatenns
441 3600 507 3646 non
526 3581 722 3663 componitur
739 3597 780 3643 ea
798 3577 947 3650 materia,
959 3584 1003 3640 cst
1014 3583 1120 3650 actusr
1131 3583 1372 3658 quatenusocro

190 3696 235 3753 cst
250 3688 432 3754 substantia
448 3689 586 3764 mobilis,
607 3698 650 3754 est
669 3706 796 3771 corpus,
815 3695 843 3751 et
866 3685 983 3750 babens
1006 3694 1126 3758 actum,
1150 3702 1187 3749 ac
1208 3694 1373 3768 propterca

189 3796 457 3880 simplicissimmn
485 3818 597 3882 cmpos
612 3808 669 3872 cst,
690 3807 720 3862 et
737 3817 808 3864 oerc
829 3798 1022 3862 clementum.
1047 3794 1183 3871 Quodsi
1200 3796 1372 3878 aliquando

189 3907 230 3972 ab
246 3907 416 3972 Aristoteli
434 3908 482 3974 orl
497 3909 537 3973 ab
555 3907 762 3974 Aristotelicis
781 3907 899 3970 elicitur
916 3904 1121 3985 compositum
1143 3922 1184 3968 ca
1197 3905 1333 3968 materia
1344 3914 1373 3968 ct

188 4018 308 4100 [orum.
339 4026 376 4082 ut
403 4017 444 4083 ab
469 4017 634 4084 Aristotele
663 4012 1038 4096 12‚o1ct.pors.9,not
1066 4014 1187 4096 inquit:
1214 4010 1375 4079 «Cuncta

192 4148 211 4187 s
231 4145 320 4204 ocra,
334 4145 531 4210 quacunque
544 4137 726 4201 mutantur,
737 4125 904 4189 materiam
914 4122 1044 4199 babent,
1055 4123 1109 4187 scri
1118 4122 1289 4189 diuersam:
1300 4143 1376 4190 nam

191 4257 212 4296 s
233 4244 262 4300 ct
278 4238 418 4318 ipsorum
434 4239 696 4320 sempiternorum
714 4253 917 4321 quocumque
936 4252 1001 4301 non
1019 4240 1093 4299 sunt
1107 4216 1312 4315 pcnsrabilio,
1323 4233 1376 4296 scel

267 4466 302 4526 ll)
321 4467 380 4520 rem
396 4470 424 4520 lo
438 4471 553 4524 Postilla
569 4467 605 4520 N⁰
619 4469 715 4519 xm.

280 4550 402 4614 Gssnso
420 4552 663 4616 Gamo-Tou.
682 4555 731 4610 ΙΙΙ.
1191 4552 1225 4601 no
