3300 5276
327 385 391 452 tte
615 401 759 452 numm
782 401 879 450 eueeu
901 401 1083 450 eremum
1106 401 1219 450 ianm

320 539 533 622 peripterlem
549 535 680 613 Aaou,
697 556 720 602 o
738 547 845 604 centro
864 557 937 604 uero
957 535 987 602 G
1004 545 1091 602 rectu
1115 536 1199 602 lineo
1218 533 1278 601 GA
1297 535 1393 602 ducta
1410 537 1452 602 eit
1469 539 1516 604 od

325 657 502 717 contactum
519 652 556 715 in
572 658 690 733 puncto
706 647 748 724 A,
768 652 827 715 erit
846 645 905 714 et
924 647 1191 732 perpendicularis
1208 647 1251 714 od
1268 649 1385 716 lineam
1405 647 1515 724 ΕΔΓ,

319 782 380 846 per
395 763 547 828 decimam
564 768 708 827 aeteram
727 759 801 824 libri
818 761 904 825 tertii
931 758 1171 825 Elementorum
1196 757 1356 824 Euelidlt:
1385 761 1440 826 boc
1465 771 1513 826 en

322 875 417 957 saciet
435 871 568 954 anpuloe
587 867 693 944 Fue,
721 867 816 934 EAG
843 877 957 945 rectae,
987 887 1025 934 ae
1045 869 1177 951 proinde
1201 871 1399 952 trionpntum
1416 869 1449 936 F
1450 869 1513 936 ΕΑ

323 983 384 1047 erit
410 981 642 1062 rectonpulum.
675 977 879 1056 Quadratum
896 980 998 1062 ipitur
1018 976 1087 1054 GK,
1111 980 1195 1062 quod
1217 979 1405 1046 deeeribitur
1427 1001 1450 1046 a
1472 982 1515 1046 li-

323 1111 384 1158 nea
403 1089 474 1166 GF,
493 1090 696 1156 subtendente
714 1099 837 1156 rectum
854 1089 1010 1172 anpulum
1026 1087 1131 1164 Fue,
1152 1092 1212 1156 crit
1229 1089 1349 1174 uquole
1367 1091 1514 1174 quoma-

324 1207 363 1268 tie
381 1203 457 1278 ΡΗ,
477 1201 547 1277 GE,
571 1218 682 1285 quoa
704 1199 854 1266 lateribus
876 1199 948 1276 at,
979 1198 1052 1276 Aa,
1082 1209 1205 1268 rectum
1231 1201 1388 1284 anpuluen
1413 1200 1513 1268 Fue

323 1314 574 1387 continentibus,
592 1312 949 1388 decacuminanda
970 1313 1070 1395 primi
1084 1311 1238 1378 Euelidir.
1266 1311 1348 1378 Cum
1368 1331 1440 1396 erpo
1453 1333 1512 1380 re-

323 1433 405 1490 ctam
418 1419 477 1486 Ac
494 1423 641 1489 lunarem
658 1423 849 1489 diametrum
867 1423 913 1488 bie
931 1423 1013 1488 mille
1031 1421 1182 1490 milliario
1204 1422 1321 1492 italico
1351 1427 1511 1491 continere

321 1537 357 1599 in
368 1536 460 1600 tertio
470 1535 628 1616 euppmito
642 1533 832 1608 diuerimm,
844 1532 1016 1598 continebit
1025 1533 1264 1608 eemmtomeur,
1275 1553 1333 1600 eeu
1342 1536 1427 1602 linea
1440 1534 1512 1614 GA,

321 1643 586 1718 nuttemtttcrta,
609 1645 794 1727 enceinte
821 1643 1030 1729 multiplicata
1058 1647 1190 1730 efficient
1216 1645 1424 1728 quadratum,
1452 1665 1511 1712 tea

321 1773 493 1831 sumniam,
512 1773 582 1838 quoe
601 1755 771 1821 continebit
789 1756 887 1822 decim
914 1765 1048 1823 centena
1076 1757 1178 1824 millia
1203 1756 1356 1822 milliario
1384 1757 1510 1824 tmtieu

320 1869 447 1934 Rursus
467 1865 806 1952 commoneamque
822 1867 1510 1936 ertdirtautiooerticieillmuinottaLunm

321 1981 475 2045 diametro
488 1978 530 2044 tit
543 1987 670 2044 centum
683 1979 920 2053 milliariorum,
932 1988 970 2044 ut
984 1982 1021 2044 in
1035 1989 1152 2063 quarto
1165 1977 1322 2062 supposito
1334 1980 1507 2061 punimur,

240 2084 251 2098 '
320 2091 452 2174 efficient
469 2091 534 2156 bac
552 2089 703 2155 milliaria
720 2091 757 2154 in
772 2107 804 2154 ee
822 2090 1031 2174 multiplicata
1047 2109 1219 2166 summam,
1242 2109 1314 2174 pou
1327 2091 1384 2155 erit
1401 2089 1508 2154 decem

320 2203 455 2270 millium
471 2203 693 2268 milliariorum
711 2201 913 2277 Italicorum:
931 2203 1015 2286 quod
1032 2205 1061 2268 ei
1078 2203 1239 2286 quadrato
1256 2201 1332 2280 ΓΗ,
1348 2200 1405 2268 Gli
1421 2219 1508 2266 coen·

317 2324 495 2396 ponuntur,
513 2315 573 2378 erit
590 2329 701 2378 eorum
717 2322 925 2396 opprepotum
953 2315 1050 2379 tectu
1075 2323 1208 2380 centeno
1226 2315 1326 2380 mittio
1347 2321 1377 2378 et
1404 2313 1510 2378 decem

319 2425 419 2490 millia
446 2423 597 2490 milliaria
624 2423 749 2488 Italica.
777 2421 822 2487 At
851 2425 925 2488 buie
954 2433 1122 2506 apprepato
1150 2426 1345 2508 quadratum
1374 2423 1439 2490 GK
1464 2433 1510 2489 eet

318 2533 595 2618 ‹equuluutpoulo
604 2541 678 2598 unte
693 2533 947 2608 ostendebamurr
956 2551 1029 2616 erpo
1044 2537 1183 2600 continet
1196 2536 1327 2600 eundem
1340 2553 1508 2610 sumniam,

318 2647 374 2714 ltoe
391 2655 437 2711 eu
453 2645 551 2709 decies
570 2645 820 2709 centenomillia
842 2653 872 2710 et
901 2645 1003 2711 decem
1021 2645 1121 2710 millia
1142 2646 1293 2712 milliaria
1315 2645 1449 2713 Italico:
1466 2666 1509 2712 eu

317 2775 380 2840 quo
398 2771 531 2820 nunura
547 2754 576 2816 si
593 2755 745 2818 entrabm
762 2755 956 2836 poemorum
972 2753 1125 2830 radicem,
1145 2757 1315 2822 innotescet
1332 2759 1417 2822 latua
1434 2755 1465 2821 F
1467 2754 1506 2831 G,

316 2864 401 2950 quod
417 2871 464 2929 eet
479 2863 578 2929 radix
597 2862 748 2946 quadrati
768 2863 844 2942 GK,-
861 2867 983 2948 eritque
1001 2869 1056 2932 boe
1077 2867 1160 2931 latur
1179 2865 1242 2932 ab
1256 2867 1354 2950 paulo
1371 2869 1508 2951 amplius

316 2993 415 3061 quam
431 2971 515 3040 mille
532 2991 570 3040 oe
589 2981 728 3057 quotuor
744 2975 895 3040 milliario
911 2976 1038 3042 italica.
1060 2975 1136 3041 tum
1158 2995 1231 3043 nem
1253 2977 1452 3044 rubducotur
1466 2997 1508 3044 ea

316 3087 399 3154 liucu
417 3093 483 3153 toto
500 3082 563 3151 FG
575 3101 668 3169 pure,
686 3087 750 3150 eice
770 3086 998 3152 remidiameter
1016 3083 1087 3164 GB,
1105 3105 1191 3169 quo,
1210 3096 1248 3152 ut
1265 3107 1366 3171 ruma
1383 3089 1508 3156 diceba·

314 3215 397 3272 mur,
412 3205 457 3264 eet
471 3197 554 3263 mille
568 3195 792 3262 milliariorum
801 3195 1005 3272 Italicorum:
1020 3201 1218 3282 relinquetur
1231 3217 1305 3282 erpo
1321 3199 1436 3266 lineola
1445 3199 1507 3266 BF

316 3307 407 3392 (pua
426 3307 550 3372 lunarii
567 3309 682 3374 montio
705 3307 870 3380 verticem,
889 3325 911 3372 a
932 3305 1003 3373 Sale
1021 3307 1231 3384 illustratum,
1260 3319 1291 3375 et
1308 3309 1507 3376 altitudinem

315 3414 539 3502 representat)
556 3417 770 3500 relinquetur,
788 3420 938 3500 inquam,
962 3428 1103 3501 quotuor
1126 3420 1350 3486 milliariorum
1375 3419 1508 3486 ttolr'eo-

314 3545 400 3596 rum.
419 3527 521 3611 Atqui
538 3531 673 3595 mummi
686 3538 805 3595 nmnter
820 3531 857 3594 in
876 3527 976 3594 Terra
994 3529 1055 3614 (eu
1068 3531 1320 3613 propropbonem
1335 3529 1504 3614 cententio)

311 3657 431 3722 parum
440 3639 594 3706 recedunt
602 3641 893 3724 perpendicularem
907 3641 1107 3708 altitudinem
1120 3643 1226 3708 Italici
1240 3643 1401 3708 milliarii:
1410 3652 1506 3710 munt

314 3751 416 3833 ipitur
433 3748 534 3816 Luna
550 3759 670 3816 montes
691 3749 798 3815 Terrae
814 3751 973 3816 montibm
1003 3751 1161 3830 etutiorem
1188 3754 1273 3837 quod
1289 3762 1359 3820 erut
1376 3753 1508 3820 denton-

314 3861 492 3950 strandum.

403 3969 563 4054 Denique,
581 3980 618 4036 ut
636 3973 745 4038 munio
771 3973 884 4057 paucie
907 3974 1105 4057 complectar,
1135 3993 1209 4040 cum
1227 3995 1268 4041 eec
1285 3977 1325 4042 iie
1343 3995 1416 4059 qua
1435 3977 1505 4042 diei

312 4077 444 4162 planum
454 4083 505 4156 eit,
516 4081 631 4147 ineam
643 4080 704 4147 GF
715 4083 842 4149 extendi
859 4083 903 4150 od
918 4086 1000 4150 mille
1015 4093 1044 4150 et
1059 4095 1199 4169 quotuor
1215 4085 1366 4152 milliaria
1376 4085 1506 4162 bolico,-

313 4207 387 4255 eum
404 4191 500 4256 etiam
518 4193 653 4256 notarit
669 4193 900 4262 semidiameter
919 4191 990 4271 GB,
1008 4213 1080 4278 qum
1097 4195 1179 4260 mille
1197 4199 1335 4262 eontinet
1350 4193 1502 4260 millimia

313 4299 444 4366 Italica.-
461 4299 619 4366 eubducta
635 4317 709 4384 erpo
729 4299 788 4367 ΟΒ
806 4305 888 4370 mille
906 4305 1129 4372 milliariorum
1148 4325 1189 4372 eu
1208 4315 1274 4373 tota
1294 4305 1353 4372 GF
1368 4303 1452 4372 mille
1471 4313 1502 4370 et

314 4419 454 4496 quatuor
482 4409 719 4489 milliariorum,
747 4413 873 4496 reliquo
901 4423 978 4480 runt
1005 4425 1145 4498 quatuor
1170 4418 1338 4496 milliaria:
1365 4419 1421 4484 bae
1454 4425 1501 4483 eu

313 4521 425 4590 lineola
446 4517 516 4596 GF,
530 4539 601 4605 quo
612 4531 657 4587 eet
669 4523 834 4590 lunarium
842 4527 997 4592 montium
1007 4527 1151 4603 altitudo,
1162 4547 1261 4611 quum
1270 4529 1502 4613 querebamur.
