3096 5154
504 344 543 390 os
567 340 772 395 ruaaousats
796 340 827 386 tn
849 339 930 388 oute
952 339 1039 387 tana
1292 325 1358 393 255

181 503 280 570 neque
290 484 467 556 distortam,
478 499 579 562 neque
592 479 813 560 transpositam
829 495 896 542 rem
909 477 1011 542 uidere
1027 478 1121 561 tacit,
1138 479 1192 543 sed
1208 480 1263 544 itoc
1282 488 1358 546 tau·

179 607 246 662 tum
272 601 414 677 prostat,
443 609 568 674 nempe,
596 597 633 655 ut
655 606 720 662 res,
739 605 809 669 pua
827 605 868 651 soc
886 587 1037 653 distantia
1054 589 1197 671 confuse,
1216 598 1246 654 et
1265 593 1359 667 ninii,

177 716 236 773 aut
252 708 310 772 oia
326 705 498 769 minimum
513 700 614 766 uideri
628 707 774 782 possunt,
793 715 853 762 sua
870 717 923 780 ope
944 707 1105 781 tamquam
1122 718 1163 764 en
1180 701 1360 782 propinquo

178 817 259 882 ctare
278 824 307 880 et
325 814 470 878 distincte
483 798 660 876 uideantur.
678 806 741 872 Sed
758 808 872 891 aliquis
891 809 985 873 dicet:
1013 811 1091 891 quid
1119 812 1197 884 aaa,
1227 830 1298 893 pua
1325 815 1362 877 in

178 927 300 992 modica
325 924 477 988 distantia
501 929 620 986 remota
649 928 737 992 sunt,
767 917 810 983 ad
838 917 965 982 Lunam
997 927 1026 982 et
1047 920 1089 983 ad
1122 917 1258 1002 Spdera,
1281 940 1361 1004 puo-

179 1055 253 1101 rum
270 1037 398 1119 infinito
409 1051 488 1116 pene
506 1030 658 1095 distantia
675 1038 720 1093 est
739 1047 760 1094 a
781 1027 811 1091 Τ
808 1029 901 1093 erra?
915 1027 977 1092 Sed
991 1030 1032 1093 ad
1042 1031 1098 1094 ttoc
1108 1032 1360 1114 respondebimus
1465 1015 1472 1030 ’

179 1147 368 1219 certissima,
378 1145 415 1209 ni
426 1141 535 1226 saltos,
546 1143 760 1222 responsione,
769 1141 911 1221 primum
920 1149 1127 1222 supponentes
1138 1139 1156 1226 (
1157 1142 1243 1224 quod
1255 1145 1361 1209 mnni-

180 1257 240 1322 bus
257 1263 446 1339 conspertum
460 1251 523 1338 est)
541 1253 693 1316 visionem
710 1269 775 1315 non
793 1251 861 1333 peri
877 1269 932 1332 per
950 1259 1084 1326 motum,
1103 1268 1140 1316 oc
1155 1255 1288 1345 proinde
1303 1273 1359 1320 nec

179 1371 218 1433 in
238 1376 384 1449 tempores
401 1373 444 1438 et,
461 1362 558 1428 vetuti
575 1360 764 1426 illuminatio
778 1362 812 1443 fit
828 1362 934 1424 statim
944 1370 1038 1442 atque
1056 1362 1213 1444 diophane
1220 1366 1360 1445 pratens

179 1477 420 1561 fliiuminosum
434 1490 561 1554 corpus,
578 1472 625 1536 ita
644 1472 794 1537 visionem
811 1471 880 1554 fleri
898 1473 1005 1535 statim
1027 1481 1121 1554 atquo
1140 1472 1258 1537 visibile
1276 1473 1361 1538 odie-

179 1593 266 1652 ctum
292 1586 377 1649 uisui
402 1583 632 1755 psaseuussat,
657 1581 706 1645 oei
722 1583 887 1662 ipsummet
899 1581 1100 1663 diapttanum
1118 1591 1194 1647 actu
1212 1584 1359 1665 efficiens.

180 1703 217 1760 ut
238 1696 429 1760 luminosum
442 1690 507 1774 aiip
536 1692 544 1707 ‘
569 1690 647 1765 ,oet
662 1692 698 1754 ia
716 1691 870 1774 diapiano
892 1699 979 1765 aeta,
1002 1700 1040 1756 ut
1057 1691 1244 1767 coloratum:
1261 1711 1361 1776 quare

180 1807 228 1890 tit,
241 1812 278 1869 ut
294 1804 389 1868 etiam
407 1818 505 1885 quam
524 1800 700 1884 tonpissime
719 1800 869 1866 distantia
887 1801 989 1867 satiro
1004 1803 1251 1884 conspiciantur,
1264 1804 1362 1869 ueiuti

181 1932 251 1998 pua
266 1923 342 1978 sunt
358 1915 396 1977 in
411 1930 558 1994 supremo
578 1911 674 1985 Caio,
691 1913 798 1977 statim
815 1915 931 1994 apertis
949 1913 1057 1978 oculis.
1075 1912 1132 1979 Ea
1157 1915 1272 1996 quibus
1298 1916 1362 1982 coi·

181 2023 291 2108 iipitur
306 2025 489 2089 distantiam
506 2025 621 2089 visioni
635 2041 700 2087 non
715 2021 834 2097 obesse,
848 2022 924 2086 dum
940 2033 1045 2087 tamen
1062 2023 1215 2089 obiectum
1235 2024 1295 2090 taio
1310 2027 1362 2099 sit,

180 2142 217 2198 ut
234 2133 426 2216 diopnanum
447 2150 569 2198 monere
591 2135 687 2215 possit
710 2142 739 2196 et
756 2133 897 2210 oculum,
911 2152 949 2198 ac
960 2142 1084 2200 tantum
1095 2135 1197 2202 calere
1207 2135 1363 2201 obiectum

182 2242 321 2308 debiiiter
336 2245 487 2308 outtsun
502 2245 539 2307 in
556 2262 621 2308 nou
638 2245 716 2307 satis
733 2261 852 2325 mapna
864 2243 1031 2321 distantia,
1042 2247 1363 2328 quantumobiectum

182 2353 285 2420 caim
302 2362 333 2418 et
351 2356 387 2418 in
407 2354 592 2418 inuasurum
613 2355 764 2420 motivum
787 2356 825 2418 in
846 2354 933 2420 vaide
951 2372 1068 2436 mapna
1090 2363 1185 2437 atque
1207 2357 1362 2421 immensa

182 2466 351 2540 distantias
368 2463 453 2546 quod
466 2471 550 2546 patet
568 2466 623 2530 tue
640 2459 868 2546 experimento:
887 2473 1012 2528 tantum
1030 2466 1113 2529 enim
1131 2466 1167 2528 in
1184 2475 1272 2529 nocte
1293 2484 1362 2530 mo-

181 2585 234 2642 oet
248 2578 351 2641 pisam
365 2577 429 2659 {aa
444 2591 576 2640 accensa
591 2592 648 2657 pro
666 2577 717 2639 sui
735 2574 861 2639 luminis
879 2576 1054 2657 quantitate
1072 2575 1108 2637 in
1123 2575 1361 2655 proportionata

179 2685 240 2750 sitsi
257 2685 424 2760 distantia,
443 2694 600 2767 quantum
617 2685 704 2750 stetta
721 2689 787 2769 tica
804 2703 862 2767 pro
878 2687 930 2749 sui
948 2685 1075 2748 torminis
1093 2684 1310 2766 mapuitudiue
1325 2685 1362 2748 in

180 2797 267 2879 mnae
280 2797 427 2861 maniam
441 2813 479 2860 ac
495 2795 556 2859 siti
561 2799 800 2880 proportionata
818 2797 1042 2870 distantiam>
1056 2813 1120 2878 quo
1137 2797 1184 2860 ita
1201 2813 1318 2876 orpuo:
1332 2798 1360 2859 si

179 2903 331 2970 obituum
346 2905 455 2970 minut
472 2906 624 2969 motivum
639 2924 697 2987 pro
715 2908 766 2969 sui
779 2908 981 2987 proportione
999 2908 1035 2970 in
1047 2905 1205 2988 oiceoupIa
1214 2906 1361 2972 viciniori

180 3012 384 3080 distantiw
394 3015 606 3080 instrumento
622 3023 867 3096 reprasentatur
883 3015 984 3088 acuto,
999 3023 1097 3096 prom
1114 3025 1174 3088 est,
1192 3032 1264 3096 erpo
1275 3014 1360 3078 obie-

181 3124 572 3190 ctunsmaaimsmotiuum
579 3143 636 3206 pro
643 3126 694 3188 sui
699 3127 897 3207 proportione
908 3128 943 3189 in
950 3126 1108 3206 oicecupta
1116 3126 1236 3206 pariter
1243 3125 1360 3190 minori

181 3214 335 3298 distantia
345 3233 693 3317 sidensreprasentatur
701 3237 847 3311 uicinius,
853 3245 888 3299 ut
899 3243 953 3308 est,
960 3233 1046 3298 ueriti
1051 3236 1199 3316 pratiasi
1204 3235 1361 3317 palatium

180 3345 336 3408 motivum
350 3344 561 3428 aisusoimue
576 3348 786 3411 instrumento
800 3364 856 3428 per
868 3347 1006 3427 spatium
1020 3347 1118 3410 unius
1131 3344 1272 3410 milliarii
1286 3363 1359 3410 eum

179 3452 310 3517 dimidio
326 3470 399 3518 cum
416 3456 624 3521 instromenta
645 3459 723 3521 mitti
743 3464 1001 3538 representatur,
1023 3463 1059 3519 ut
1080 3458 1230 3521 motioum
1251 3458 1288 3520 in
1308 3458 1360 3521 oi-

180 3563 308 3645 orcrspia
323 3563 491 3640 distantia,
506 3584 614 3650 nempe
632 3569 786 3632 sexdecim
804 3567 1040 3640 miliariorum,
1059 3575 1089 3629 et
1105 3567 1161 3630 doc
1178 3568 1246 3629 sine
1262 3567 1360 3648 tatw-

180 3673 232 3737 oia
256 3681 287 3735 et
318 3671 507 3757 deceptione,
530 3695 603 3758 erpo
614 3680 736 3759 pariter
754 3687 843 3743 astra
859 3678 975 3742 motiva
987 3678 1050 3740 otei
1067 3677 1153 3740 uisus
1170 3676 1286 3759 absque
1306 3680 1359 3742 in-

179 3789 369 3857 strumento,
394 3785 494 3866 spatio
521 3788 691 3852 multorum
707 3789 941 3862 milliariorum,
952 3768 991 3851 >et
1005 3805 1085 3868 pene
1102 3788 1266 3861 immenso,
1285 3806 1358 3851 cum

179 3893 392 3958 inurumemo
407 3895 563 3978 oioecupIo
580 3901 680 3980 mapis
698 3901 815 3964 motiva
832 3907 942 3970 erant,
965 3899 1021 3961 itae
1043 3905 1087 3960 est
1109 3897 1265 3978 oicecupto
1280 3914 1357 3978 pro-

179 4001 499 4086 pinquioralaeta,et
510 4008 631 4090 ttocpro
649 4011 700 4073 sui
711 4011 839 4074 luminis
850 4008 1081 4089 mapnitudine,
1101 4016 1129 4072 et
1144 4007 1355 4092 proportione,

180 4105 249 4169 sisse
263 4105 394 4189 {adama
410 4117 441 4172 et
457 4111 632 4193 prastipio,·
649 4131 747 4194 quare
768 4131 840 4177 cum
864 4111 971 4177 eadem
990 4129 1119 4192 prorsus
1137 4112 1178 4175 sit
1198 4110 1358 4192 proportio

181 4223 367 4283 causarum
381 4238 504 4296 rerum,
524 4242 594 4304 qua
612 4241 675 4288 sese
694 4225 792 4306 mapis
808 4226 992 4306 propinqua
1011 4225 1066 4288 isac
1084 4224 1292 4287 instrumento
1307 4218 1357 4281 oi·

182 4326 237 4389 sui
252 4327 400 4410 offerunt,
419 4351 491 4396 cum
508 4333 600 4398 rebus
622 4335 813 4411 Calestibus,
837 4355 907 4418 pua
930 4337 985 4400 noc
1004 4337 1126 4417 pariter
1147 4336 1356 4397 instrumento

181 4436 269 4502 oisui
279 4444 516 4527 propinquiores
536 4450 629 4529 piant,
648 4455 677 4511 et
695 4450 730 4511 in
749 4450 866 4514 soteris
884 4447 977 4522 rebus
996 4449 1069 4513 visis
1081 4446 1167 4511 nulia
1178 4446 1218 4509 sit
1228 4438 1354 4523 [attacta
