3096 5154
185 328 252 396 188
476 351 616 398 sverm
639 351 736 399 sauss
758 353 936 402 severasse
960 356 1072 408 vassus

187 489 223 552 iss
232 488 312 551 nens
322 484 423 547 audin
436 487 565 567 reqione
576 496 725 570 perpetuo
738 491 843 571 viqere
855 491 956 572 [rique
969 491 1141 566 intensum,
1156 511 1177 557 a
1192 497 1367 575 vaporibus

186 596 333 677 aqsrer'sev
346 592 478 659 suiuus
493 605 655 673 emortum,
669 605 699 661 et
714 597 758 662 ilri
772 599 895 663 assidue
910 608 1140 664 conservatum:
1158 602 1369 682 quamobrem

183 725 204 769 a
227 700 327 764 Terra
347 721 415 767 non
433 710 692 788 repercutiuntur
708 725 808 789 usque
825 706 867 771 ad
887 705 1015 773 Lunam
1042 709 1125 774 radii
1152 711 1282 783 solares:
1304 714 1368 792 qui

178 828 295 890 smper
312 812 492 893 {missenus
510 818 547 880 iu
565 819 678 882 itinere
706 816 793 882 votae
816 820 930 898 mucul
946 837 968 883 a
986 817 1081 883 Luna
1102 838 1197 902 prope
1228 829 1364 892 terram,

178 927 213 981 ut
230 919 277 981 ait
293 918 621 996 Aristoteles.inaere
638 925 737 990 medio
749 924 797 1012 (1)
809 927 973 1011 deficiunt:
991 948 1091 1010 quum
1109 929 1166 1002 ivi,
1186 930 1262 993 data
1275 933 1365 1010 pesi-

178 1028 261 1090 tione
285 1025 354 1094 Viri
373 1031 594 1108 61„an
620 1052 684 1098 esce
712 1036 912 1112 viridissimis
934 1046 1162 1120 proptereaque
1179 1057 1243 1102 nan
1260 1039 1363 1103 salum

176 1137 364 1217 {riqiditatis
382 1145 484 1208 omnis
502 1145 720 1225 exstirpatores,
738 1145 904 1210 sedetiam
923 1148 1035 1228 teporis
1053 1156 1082 1210 et
1099 1147 1210 1212 caloris
1231 1149 1265 1211 in
1287 1167 1362 1213 aere

177 1248 276 1312 medio
290 1263 515 1331 procreatores.
532 1252 645 1334 Itaque
663 1272 728 1318 non
740 1258 929 1337 pertinqunt
950 1257 992 1320 ad
1009 1256 1136 1321 Lunam
1156 1274 1253 1338 usque
1274 1259 1363 1322 radii

177 1359 291 1424 solares
312 1380 335 1426 a
361 1362 465 1430 Terra
480 1380 607 1427 sursum
624 1363 794 1439 revibrati,·
809 1374 1034 1447 proptereaque
1055 1368 1113 1430 tun
1130 1367 1186 1430 illa
1204 1371 1307 1431 tenuis
1327 1369 1362 1430 in

176 1479 264 1551 parte
294 1470 398 1538 Luna
428 1472 598 1549 tenebram
628 1492 700 1554 qua
723 1493 820 1556 prope
850 1475 1082 1555 coniunctiones
1108 1479 1312 1558 conspicitur,
1332 1486 1362 1539 et

177 1581 307 1664 deliquii
336 1594 481 1669 umqum,
510 1600 578 1647 mea
601 1584 741 1665 judicio,
769 1585 850 1648 nilsil
878 1591 923 1647 est
953 1583 1060 1656 aliud,
1090 1602 1188 1665 quam
1219 1584 1363 1665 splendor

179 1695 311 1778 quidam
328 1697 486 1764 sessurus,
513 1689 616 1758 duna
635 1696 778 1768 nativus,
807 1695 894 1776 fotus
921 1694 1044 1776 iulqore
1072 1693 1237 1758 radiorum
1265 1694 1362 1770 Solis,

179 1818 428 1888 repercussomsm
444 1797 485 1863 al
503 1804 617 1867 uthere
631 1804 824 1868 contermina
838 1804 880 1867 ad
894 1802 995 1866 Luna
1008 1802 1149 1883 qlvdumr
1162 1813 1192 1867 et
1206 1806 1242 1868 in
1256 1805 1362 1886 eclipsi

178 1914 336 1986 turbatus,
365 1913 428 1975 sive
451 1912 598 1976 turbidus
621 1913 748 1996 effectus
769 1913 947 1977 econtra
970 1922 1108 1977 terrena.
1130 1911 1169 1976 Si
1190 1922 1296 1978 tamen
1318 1934 1360 1979 ec

175 2039 238 2083 sese
264 2019 359 2085 Luna
382 2021 511 2102 penitus
541 2031 586 2086 est
616 2022 750 2088 obscura
779 2031 808 2086 et
838 2040 949 2104 opaca,
977 2024 1106 2104 perinde
1131 2041 1169 2088 ac
1189 2022 1302 2098 Terra,
1323 2035 1362 2089 ut

173 2137 276 2194 censet
308 2128 373 2195 Vir.
392 2128 454 2205 at,
474 2150 635 2197 eumcum
662 2131 761 2214 lapide
790 2133 986 2197 Bononiensi
1014 2151 1164 2215 maqnam
1179 2142 1208 2197 et
1226 2133 1360 2198 nobilem

174 2240 353 2321 cucumam
370 2240 482 2306 labere
503 2260 626 2315 censear
643 2250 679 2304 ut
696 2241 822 2306 adsente
841 2240 927 2316 Sole,
943 2260 980 2307 ac
991 2244 1027 2306 in
1037 2243 1165 2317 umbra,
1184 2260 1240 2306 seu
1254 2242 1362 2308 Terra

172 2351 249 2414 dum
266 2350 381 2436 deficit,
398 2370 456 2415 seu
473 2370 547 2425 sua,
567 2352 642 2415 dum
660 2350 727 2416 Soli
744 2351 966 2434 conjunqitur,
981 2353 1017 2416 in
1027 2361 1118 2434 parte
1133 2353 1252 2417 lumine
1266 2353 1361 2417 solari

173 2478 240 2526 non
258 2470 355 2541 tacta,
375 2471 534 2529 conservet
552 2463 743 2544 aliquandiu
760 2462 872 2539 lucem,
896 2481 993 2545 quam
1011 2464 1103 2545 prius
1121 2480 1143 2526 a
1160 2460 1232 2526 Sole
1255 2480 1361 2526 siuce-

174 2582 276 2656 prrat.
294 2571 358 2637 Sed
373 2580 403 2635 et
416 2581 524 2653 partes
542 2574 667 2636 atteris
685 2574 871 2635 conteunini
887 2571 1041 2635 sotaritus
1063 2571 1182 2655 affectu
1202 2571 1303 2636 radiis
1324 2573 1361 2634 in

176 2685 288 2749 lunare
305 2699 416 2765 corpus
435 2700 566 2763 mecum
584 2691 614 2744 et
629 2680 796 2745 obscurum
814 2688 934 2744 natura
947 2697 1009 2744 sua
1021 2688 1219 2762 repercutere
1226 2687 1360 2763 pauum

174 2797 326 2876 cuiqam
345 2792 462 2865 lumem
486 2791 570 2873 quod
588 2799 617 2853 et
635 2792 671 2853 in
693 2789 853 2869 deliquiis,
874 2797 904 2851 et
916 2806 1013 2870 prope
1031 2791 1268 2870 conjunctiones
1287 2789 1360 2852 lan-

175 2924 269 2988 quere
291 2904 493 2984 conspicitur,
512 2920 549 2965 ac
569 2909 729 2981 utcunque
751 2901 894 2963 minuere
917 2901 1059 2963 nativam
1082 2902 1204 2964 lunaris
1223 2899 1359 2979 corporis

175 3016 401 3082 obscuritatem.
425 3011 691 3088 Quemadmodum
708 3018 737 3072 et
756 3011 842 3092 apud
861 3028 916 3074 nos
934 3028 989 3074 aer
1007 3009 1127 3074 urubra
1144 3012 1359 3075 conterminus

176 3128 274 3190 radiis
292 3122 443 3189 salaribus
462 3124 497 3184 in
515 3121 656 3192 meridie,
677 3120 818 3183 laterales
837 3120 956 3185 umbra
970 3130 1077 3201 partes
1097 3120 1233 3193 abrodit,
1253 3123 1289 3184 in
1307 3139 1358 3184 eas

175 3236 320 3299 viridiori
337 3232 453 3295 lumine
470 3248 664 3312 repercusso,
680 3231 871 3311 proindeque
890 3231 989 3293 reddit
1007 3230 1152 3295 umbram
1166 3234 1358 3312 anqustioris

174 3343 365 3407 tatitudinis:
384 3343 467 3423 quod
485 3343 599 3421 efficere
615 3360 680 3403 nan
691 3349 790 3421 potest
805 3358 861 3403 aer
875 3341 1066 3413 matutinus,
1084 3360 1139 3404 nec
1154 3343 1358 3422 vespertinus,

174 3452 348 3517 mitioribus
366 3451 478 3522 radiis,
498 3450 748 3529 imbecilliumque
764 3447 845 3512 Solis
862 3458 929 3512 tum
946 3452 1088 3522 orientis,
1109 3459 1177 3512 tum
1193 3450 1357 3515 occidentis

176 3564 291 3625 lumine
306 3561 473 3642 perfussusr
490 3568 524 3620 ut
544 3578 607 3621 non
625 3561 672 3622 ita
686 3559 808 3638 pridem
831 3559 1010 3638 scripsimus
1033 3560 1075 3622 ad
1098 3559 1142 3622 Cl.
1165 3560 1356 3633 Naudanm,

175 3673 230 3754 qui
248 3689 304 3736 nos
323 3670 431 3751 inclqti
461 3667 612 3732 Gassendi
642 3672 766 3732 nomine
796 3670 917 3749 roqavit
937 3687 1080 3745 causam,
1099 3670 1136 3733 ab
1154 3689 1251 3752 quam
1269 3673 1359 3751 opaci

174 3783 310 3863 corporis
328 3779 443 3843 umbra
459 3778 549 3842 latior
563 3786 711 3859 appareat
723 3776 792 3841 Sole
802 3796 896 3859 prope
912 3781 1066 3862 finitorem
1082 3780 1205 3855 tumidi,
1221 3782 1359 3845 strictior

176 3914 191 3955 r
211 3902 321 3958 contra
339 3891 464 3955 editiore
483 3889 553 3953 Sole
574 3888 683 3972 procul
702 3889 910 3954 adiuuante
926 3892 1102 3954 verticulum
1123 3893 1282 3972 reqianem
1300 3908 1359 3972 pe-

175 4003 388 4076 rambulante,·
405 4000 496 4080 cujus
515 4004 563 4065 rei
581 4011 680 4067 certas
699 4001 940 4074 observationes,
964 4019 1001 4064 ac
1026 4002 1206 4066 indubitata
1223 4018 1358 4081 prorsuis

176 4115 389 4194 experimenta
411 4128 441 4174 se
464 4110 544 4173 dixit
567 4113 678 4177 tudere
704 4113 747 4174 Cl.
771 4112 1028 4184 Mathematicus·
1050 4131 1160 4176 verum
1184 4113 1238 4175 nac
1261 4110 1297 4172 de
1320 4129 1355 4172 re

175 4228 234 4289 tate
242 4224 480 4306 perscripsimus
492 4220 534 4284 ad
548 4224 700 4286 exinsium
716 4225 830 4287 virum.
843 4219 905 4284 Sed
919 4222 1079 4288 redeamus
1090 4225 1160 4301 ¹jans
1172 4224 1214 4287 ad
1223 4239 1356 4305 pensum
