3096 5154
511 331 550 379 os
573 331 777 380 cassamus
799 333 829 380 m
852 333 931 380 ouon
955 334 1041 380 sosas
1294 323 1359 389 261

190 474 364 536 statuerunt
381 464 451 530 Ena
470 467 649 550 infinitum,
668 484 769 530 nuum
799 474 827 532 ct
848 467 1020 543 immobils,·
1044 471 1185 550 sequitur
1210 475 1292 537 onim
1320 477 1362 538 aa

189 580 371 663 infinitatem
399 575 608 641 immobilitas.
636 573 675 640 Si
704 577 803 657 ipitur
831 577 952 659 aliquid
981 582 1204 661 constituatur,
1232 601 1272 646 ea
1300 603 1362 666 quo

187 688 323 753 solortnr
344 687 378 751 itl
399 686 484 768 quoa
504 686 649 752 omnibus
669 696 812 769 apparat,
845 687 962 752 Caium
990 691 1107 755 moueri
1128 690 1169 755 ab
1189 693 1305 759 orisntc
1325 695 1363 756 in

186 796 339 869 occidam,
356 793 475 877 absquo
493 814 542 870 co,
560 795 644 879 puosl
662 796 779 861 Colum
797 814 917 863 nccessc
934 800 974 863 sit
995 801 1127 875 moueri·
1148 800 1225 865 illua
1244 803 1362 883 pariter

186 905 394 990 couirrnabin
425 901 543 969 Galum
569 923 634 970 asso
663 908 825 990 infinitum
842 915 872 971 ct
896 912 1290 990 consequentissimum
1308 913 1363 976 boc

187 1017 366 1089 constituto,
395 1014 479 1096 quoa
508 1012 609 1080 Terra
636 1024 798 1081 moocatur
826 1016 942 1081 diurna
969 1026 1056 1085 motu
1085 1018 1125 1085 ab
1146 1019 1299 1085 occisionis
1327 1024 1363 1085 in

186 1129 305 1200 oriam
324 1133 425 1208 potest
446 1125 564 1191 sulcari
585 1127 664 1200 noc,
694 1145 764 1209 pua
786 1127 874 1192 nobis
896 1136 1039 1210 apparot,
1060 1128 1172 1196 stellati
1193 1130 1277 1194 orbis
1298 1133 1363 1196 cir-

186 1236 391 1311 cumvolutior
407 1244 443 1300 ut
460 1237 664 1319 manifestum
681 1245 726 1300 est
744 1238 965 1319 nooipantium
983 1239 1132 1321 coempto,
1155 1241 1212 1321 qui
1229 1257 1301 1304 cum
1321 1243 1363 1306 aa

186 1353 308 1411 matrim
324 1347 442 1428 nauipii
457 1354 732 1422 mauronianus
747 1347 901 1412 littoribus
917 1356 1062 1431 torrapuc
1075 1350 1234 1425 recedant,
1246 1359 1362 1433 putant

186 1466 293 1521 tamon
315 1456 421 1521 littora
440 1464 534 1538 atquc
557 1464 659 1522 terras
688 1474 709 1520 a
739 1475 770 1522 sc
796 1457 954 1532 resciscu-
975 1467 1012 1521 ui
1034 1459 1220 1540 sirpilianus
1241 1460 1361 1526 AEnens

184 1566 305 1648 inquil:

408 1709 592 1767 Provehimur
601 1715 696 1783 posta,
712 1714 845 1782 tsrraeqos
859 1711 995 1782 urbesque
1008 1711 1153 1767 moduni:

185 1923 255 1988 srao
265 1905 451 1988 locparittr
465 1903 670 1989 conprnsabit,
681 1923 771 1988 possa
789 1922 852 1970 csso
874 1903 991 1968 Colum
1008 1906 1181 1988 infinitum,
1193 1903 1360 1987 etproinclc

184 2015 333 2082 immobili
341 2017 575 2081 omninostars.
592 2013 684 2091 Quod
693 2018 721 2080 si
737 2014 854 2079 Culum
866 2033 930 2079 non
943 2017 984 2079 sit
998 2016 1168 2099 infinit-um,
1181 2015 1233 2078 sul
1242 2031 1361 2078 neccsse

185 2129 226 2193 sit
237 2144 300 2192 cuc
311 2128 445 2212 initum,
455 2135 493 2191 ut
501 2125 716 2209 Peripateticis
723 2127 839 2209 placet:
849 2137 923 2191 tunc
934 2128 1050 2192 minori
1060 2126 1238 2209 difficultate
1252 2126 1361 2198 Ycrra,

185 2237 310 2317 caipua
327 2237 414 2301 molis
432 2245 462 2301 rt
476 2237 519 2300 aa
537 2231 655 2301 Ccilum
673 2239 776 2301 instar
788 2238 917 2318 puncti,
933 2236 1122 2313 movebitur,
1134 2254 1232 2318 paam
1245 2234 1361 2301 Caium

185 2347 291 2426 iprum
320 2361 392 2409 cram
420 2353 507 2411 uasto
525 2355 620 2429 atquc
643 2347 793 2410 immenso
816 2347 932 2433 spatio,
953 2345 996 2410 21
1014 2347 1165 2412 borarum
1184 2347 1361 2414 brsoiuimo

186 2463 322 2537 temporo
334 2456 452 2521 marcii
461 2457 565 2537 pouit
588 2454 688 2520 Tarra
705 2457 804 2529 enim,
824 2453 1086 2522 uiMatbcmalici
1104 2457 1283 2521 certissimis
1305 2474 1361 2521 ra-

185 2564 323 2631 tionibus
341 2565 517 2648 psrbibcnt,
539 2566 671 2647 siupulis
693 2564 869 2650 quibuspuc
891 2567 990 2643 boris,
1019 2567 1048 2629 si
1075 2572 1266 2638 moueretur,
1296 2582 1361 2627 non

182 2673 316 2758 amplius
324 2676 462 2758 spatimn
470 2678 666 2759 portransirc
677 2684 777 2758 possct
791 2693 888 2758 quam
900 2674 1120 2740 milliariorum
1131 2682 1360 2756 nonprntorum

183 2786 313 2868 triaima
330 2794 461 2868 scptsnu
477 2785 731 2852 Firmamentum
741 2794 864 2861 autern,
875 2787 940 2850 sius
958 2793 1069 2878 octava
1086 2785 1219 2867 spiram,
1237 2791 1360 2865 sumpta

182 2896 223 2963 ati
242 2895 376 2962 Terram
386 2897 601 2980 proportione,
621 2896 758 2979 pualibct
775 2899 854 2962 bora
875 2913 1030 2978 passuum
1047 2895 1145 2962 miliia
1163 2891 1358 2970 42,398,i37

181 3008 397 3089 pertransiret.
413 3005 543 3074 Accsclit
556 3017 710 3091 pratum
726 3009 808 3072 ratio
827 3014 856 3072 st
873 3006 1009 3072 conditio
1026 3006 1083 3070 laci
1105 3014 1134 3068 rt
1157 3006 1357 3080 continentis,

185 3134 229 3182 ca
247 3119 372 3199 ipsomst
387 3115 551 3184 Aristotele
566 3120 674 3200 potita.
688 3117 788 3182 Lacca
804 3117 887 3181 enirn
900 3115 941 3180 ab
956 3135 990 3180 co
1001 3115 1131 3187 dicitur,
1141 3129 1203 3176 uso
1215 3112 1357 3177 ultimam

183 3227 519 3312 suprsucisncorporn
525 3230 623 3312 primi
635 3229 821 3292 continsnlis
832 3225 1010 3298 immobilia:
1024 3243 1097 3306 crpo
1115 3223 1245 3297 Galum,
1264 3220 1368 3305 cujus*

182 3335 319 3414 ambitu,
337 3346 496 3422 tamquam
515 3339 592 3415 loco,
610 3340 718 3404 omnio
735 3339 951 3412 continemur,
970 3335 1055 3400 ‹lobot
1070 3353 1200 3418 prorsus
1221 3342 1305 3400 staro
1327 3344 1357 3400 et

181 3446 337 3512 immobili
354 3466 547 3531 psrmancrc.
566 3447 710 3534 Affertur
726 3458 875 3531 pralorca
892 3446 981 3512 aliua
997 3454 1216 3527 arpumcntum
1235 3465 1276 3512 en
1293 3448 1355 3509 im·

178 3554 365 3634 mobilitate,
393 3578 465 3642 pua
492 3579 565 3625 cum
593 3561 784 3626 nobilissima
812 3558 946 3624 conditio
967 3559 1007 3622 sit
1030 3557 1047 3640 (
1054 3559 1207 3631 carentia,
1226 3557 1354 3633 scilicit,

178 3664 398 3733 mutabilitatis
415 3678 509 3752 otpus
528 3672 769 3747 vicissitudinis,
786 3689 857 3752 qua
874 3669 1049 3733 neccssaria
1067 3685 1139 3731 cum
1156 3672 1353 3751 corruptione

176 3775 369 3858 innuuntur
378 3777 410 3863 l,
427 3779 624 3846 nobilissimis
643 3791 687 3846 ost
709 3782 918 3863 amianarum,
938 3780 1052 3862 quibus
1080 3797 1121 3843 sa
1148 3794 1207 3843 suo
1236 3788 1354 3844 natura

178 3885 813 3971 composicAEumocnimssnporsunt,
832 3900 861 3954 ct
878 3888 1087 3954 immutabilia
1105 3898 1195 3965 sunt,
1213 3899 1248 3954 ut
1266 3890 1352 3954 Dcus

175 3995 332 4074 primum,
349 4014 389 4062 ac
406 3999 547 4084 deinceps
564 4020 621 4066 suo
640 4019 770 4083 quoquc
788 4000 895 4064 ordino
913 3998 1019 4063 Beata
1030 3997 1166 4065 Menios:
1177 4018 1276 4083 quara
1287 4009 1353 4066 sta·

178 4103 308 4172 bilitatis
335 4125 374 4174 ac
399 4111 621 4178 immobilitatis
645 4110 791 4184 conditio,
814 4111 841 4172 si
859 4110 980 4191 corpori
997 4109 1094 4176 alicui
1111 4119 1156 4175 cst
1174 4111 1350 4187 tribuenda,

179 4213 275 4291 Calo,
295 4225 451 4302 tanquam
468 4222 669 4297 nobilissimo,
690 4239 754 4286 non
771 4227 875 4284 autom
896 4218 1015 4297 Terra,
1032 4224 1174 4288 omnium
1193 4224 1352 4305 ipnobilis-

178 4326 271 4400 simo.
288 4337 334 4393 cst
351 4333 556 4413 assipnanao.
574 4332 680 4416 Nopuc
699 4349 771 4396 vcro
789 4332 815 4393 si
838 4328 936 4398 Terra
958 4341 1133 4410 moveatur,
1156 4334 1282 4416 aliquod
1303 4353 1353 4397 sc-

176 4443 296 4514 purtur
316 4441 545 4509 incommodum
569 4443 615 4507 ool
636 4443 821 4516 absurdum,
846 4443 938 4509 ctiam
956 4446 984 4509 si
1001 4454 1196 4529 supponatur
1214 4446 1297 4528 ‹puotl
1312 4444 1351 4508 ab
