3322 5278
337 393 401 457 450
583 407 726 456 camos
749 407 982 456 morsurus
1005 407 1142 456 asceam
1163 405 1270 454 socom

336 557 369 612 at
388 565 442 628 epo
461 563 501 610 ec
519 547 595 627 ipsis
612 545 860 617 umbrosiorem,
881 561 922 608 ccc
939 543 1100 608 erroribus
1122 545 1299 616 selemiam,
1328 543 1520 610 medimoom

337 658 462 742 conficio
472 676 488 719 e
499 675 627 720 veueuo.
643 654 793 738 Scorpius
812 657 907 718 etiam
921 656 993 728 iste,
1011 656 1076 722 etsi
1087 653 1233 719 uoouileil
1247 653 1393 736 [eriemlc
1409 655 1520 720 eidra-

337 778 392 831 tur
420 766 540 838 ludere,
559 783 750 847 compressus
770 773 875 828 tcmeu
891 764 1015 844 sortiter
1032 763 1134 828 oleum
1152 763 1301 836 resudat,
1321 781 1384 846 puo
1401 765 1520 830 culm

334 879 457 959 [octeem
472 875 637 938 clemeuter
653 885 758 940 souat.
776 872 842 955 Ape
860 890 947 955 erpo,
967 873 1072 936 larocs
1091 873 1250 936 mmmmm
1276 875 1416 955 primum
1437 893 1520 955 por-

337 989 429 1050 tentis
447 987 531 1056 istis,
547 984 623 1048 talia
640 987 724 1048 eitra
742 981 958 1058 adhibeamus,
976 999 1046 1062 quse
1063 983 1147 1044 vitiis
1164 982 1256 1046 dictis
1274 992 1417 1057 careaut,
1436 1001 1520 1048 ocu-

335 1095 378 1159 los
406 1093 571 1175 dilipeoter
604 1093 786 1166 lustremus,
817 1092 928 1157 tubum
956 1093 1016 1156 illis
1045 1089 1142 1156 debite
1172 1094 1377 1176 applicemus,
1404 1097 1520 1160 tulum

336 1207 468 1286 iuquam
487 1206 628 1268 numeris
645 1205 712 1266 suis
723 1202 914 1275 absolutum,
926 1199 1029 1265 Solem
1036 1211 1173 1284 purpato
1186 1201 1267 1268 Colo
1277 1203 1313 1266 iu
1325 1203 1392 1272 ittes
1401 1205 1520 1270 admit-

338 1325 457 1379 tamus:
475 1314 542 1378 dico
561 1315 597 1376 im
615 1315 671 1376 leae
690 1329 779 1385 casu,
795 1312 949 1393 quidquid
966 1311 1154 1375 umbrorum
1167 1329 1233 1376 sese
1247 1313 1375 1395 offerat,
1389 1317 1521 1398 suturas

337 1444 402 1488 mou
419 1424 561 1496 umbros,
580 1423 633 1485 sed
651 1440 728 1486 uera
745 1439 876 1503 corporo
890 1422 1094 1502 peritetiaeo,
1114 1441 1150 1486 eo
1166 1424 1250 1504 qaod
1267 1425 1387 1489 oollam
1408 1444 1522 1491 curtem

337 1535 469 1598 subeunt
486 1534 715 1606 conditionum,
735 1549 814 1613 quas
833 1535 917 1596 eirca
937 1532 1159 1616 ludificationes
1177 1533 1287 1608 retuli,
1306 1535 1358 1599 sed
1373 1535 1433 1600 sul
1447 1534 1521 1602 Sole

337 1645 474 1728 quotidie
491 1644 606 1708 sensim
616 1643 657 1705 eo
667 1650 742 1706 ortu
758 1644 794 1705 iu
811 1660 965 1716 occasum,
976 1645 1012 1706 io
1019 1643 1116 1724 placo
1130 1643 1178 1709 uel
1191 1642 1350 1726 Eeliptica
1366 1645 1415 1712 ael
1427 1646 1522 1712 licli-

337 1759 426 1841 pticce
433 1753 889 1838 parallelo,trousccut,cootra
899 1757 1065 1834 sipuorum
1074 1752 1365 1828 ordimemcsulSole
1376 1758 1521 1838 inquere,

338 1887 413 1935 nom
426 1870 463 1932 io
474 1863 668 1931 semicirculo
686 1865 848 1945 superiore
866 1872 1034 1928 reeooentur
1050 1881 1150 1945 supro
1166 1862 1271 1928 Solem
1289 1864 1329 1929 od
1342 1883 1458 1930 occasu
1484 1869 1521 1931 iu

337 1989 457 2051 ortum,
482 1974 655 2039 secuudum
674 1976 839 2055 sipmorum
866 1976 1132 2056 eousepueutiom.
1155 1972 1201 2038 Et
1223 1975 1279 2039 lroe
1295 1984 1522 2055 arpumemum

336 2085 554 2169 irrefrapalm'le
572 2093 625 2147 est.
644 2081 707 2147 Sed
724 2085 863 2148 uicissim
887 2085 1101 2164 astriupomus
1125 2085 1200 2148 uisis
1229 2086 1309 2158 istis,
1337 2091 1521 2148 mimoomo

337 2197 728 2280 plaueomotomescioqoa
746 2193 977 2274 objicientibus,
998 2193 1102 2259 loreas
1117 2196 1273 2276 pressius,
1285 2201 1314 2257 et
1325 2193 1428 2259 oleum
1443 2211 1521 2259 moto

338 2307 477 2372 salutare
492 2303 658 2368 eliciemus.
676 2301 805 2367 Etenim
819 2303 928 2367 delicta
946 2305 1029 2367 aeris
1040 2304 1181 2369 maculas
1196 2304 1311 2370 solares
1327 2313 1386 2368 aut
1393 2306 1523 2386 pendeo

339 2435 405 2482 uou
432 2416 609 2496 attiupuat,
639 2421 697 2478 out
714 2416 843 2478 omuino
860 2422 988 2496 aspectu
1006 2413 1130 2487 tollunt,
1150 2422 1187 2478 ut
1205 2415 1348 2478 sicceris
1367 2417 1451 2480 vitio
1468 2433 1523 2480 oe-

338 2536 456 2610 queoot
471 2527 532 2592 dici
549 2526 691 2590 macuta
711 2524 841 2608 Apertio
858 2542 931 2589 oero
947 2523 1015 2587 tulli
1032 2531 1090 2588 aut
1108 2525 1220 2597 nimio,
1232 2531 1290 2588 aut
1300 2525 1396 2590 mimis
1403 2543 1522 2607 parca,

338 2637 478 2704 maculas
485 2639 608 2720 pariter
618 2638 794 2718 conspectui
804 2635 930 2706 adimit.-
944 2642 979 2698 ut
996 2635 1091 2698 etiam
1109 2652 1150 2698 eo
1166 2634 1223 2698 ltoc
1242 2637 1342 2716 capite
1359 2635 1420 2700 illis
1436 2637 1524 2718 peri·

338 2749 401 2814 culi
415 2750 495 2814 uiltil
512 2747 684 2812 immineat.
703 2743 785 2808 Sola
804 2744 910 2819 lulla,
926 2745 997 2809 sola
1014 2747 1171 2809 vitrorum
1189 2743 1343 2819 arenula,
1362 2745 1434 2810 solu
1452 2747 1523 2810 stil-

339 2859 444 2923 larum
455 2874 496 2920 erc
512 2855 600 2920 oculo
607 2855 806 2936 fluitantium
818 2853 963 2916 oracula
973 2853 1115 2918 maculas
1125 2855 1297 2936 ipsissimas
1308 2856 1525 2930 mumius,-

340 2987 415 3035 oum
433 2969 489 3050 qui
507 2967 598 3030 lasse
617 2979 742 3026 muscas
757 2979 826 3026 uuo
844 2981 916 3025 eum
928 2963 1059 3027 maculis
1077 2971 1199 3038 ceruot,
1222 2966 1250 3028 is
1268 2966 1453 3046 uemipuam
1469 2964 1523 3029 di-

338 3071 718 3158 seeroot,oisiprtoettus
730 3071 877 3136 adhibitis
895 3075 1096 3149 uersatioais,
1116 3074 1347 3149 translationis.
1367 3093 1526 3160 compres-

339 3187 436 3253 siouis
450 3185 610 3251 remediis:
628 3191 657 3248 et
674 3185 729 3247 loc
759 3202 774 3246 e
804 3199 975 3264 compresso
1003 3187 1161 3266 scorpiace
1187 3185 1288 3250 oleum
1317 3185 1525 3253 vulneratum

340 3297 465 3362 oculum
493 3303 602 3368 sauci,
630 3293 830 3358 madocium
850 3312 873 3358 a
890 3313 964 3360 uero
977 3303 1112 3376 separat.
1132 3294 1266 3361 Maeote
1289 3299 1387 3364 etiam
1411 3299 1525 3364 setores

341 3424 461 3488 semper
482 3415 511 3468 et
533 3405 592 3470 sub
610 3405 673 3470 solo
688 3403 760 3470 Sole
776 3405 914 3480 stabiles,
936 3405 1066 3488 reliquo
1091 3423 1347 3488 quoquoversum
1370 3407 1522 3483 rotatiles,

341 3523 371 3578 et
399 3516 435 3578 im
463 3532 585 3578 omnem
607 3515 709 3581 locum
728 3516 892 3581 tralaticia
910 3515 1145 3598 speculemur.
1163 3514 1208 3580 Et
1226 3519 1281 3582 doc
1298 3529 1521 3600 orpumemum

342 3625 560 3708 irrefrapaltile
575 3635 629 3691 est.
644 3626 676 3689 Ε
694 3646 757 3708 quo
773 3629 895 3692 uooerit
906 3627 1053 3706 judicare
1072 3645 1136 3691 ooo
1159 3645 1263 3704 memo,
1282 3629 1362 3709 quid
1382 3631 1423 3693 sit
1444 3627 1520 3692 illud

342 3736 427 3818 puod
443 3737 520 3801 oidit
536 3739 572 3801 iu
590 3754 660 3801 aere
672 3737 843 3818 purissimo
860 3737 1027 3816 uiprorum
1044 3735 1314 3819 corpusculomtro‚
1333 3755 1406 3802 cum
1420 3747 1521 3802 mmm

343 3849 391 3914 rel
408 3850 476 3932 ipso
490 3856 562 3913 teste
580 3865 617 3912 eu
635 3849 671 3912 iu
689 3865 761 3911 uere
779 3864 844 3910 mou
862 3847 1008 3910 ioesseut.
1028 3846 1146 3912 losuut
1163 3855 1269 3912 autem
1286 3845 1336 3912 cel
1351 3847 1453 3920 oculo.
1472 3843 1522 3910 rel

344 3961 445 4027 cltrt's.

432 4073 544 4138 domsi
555 4071 725 4144 ostendero,
745 4069 884 4134 maculas
904 4067 1029 4135 Solores
1049 4072 1144 4134 etiam
1161 4069 1262 4134 rideri
1276 4071 1344 4134 sice
1362 4068 1423 4133 ullo
1436 4065 1525 4144 tulto,

345 4183 433 4247 oculo
446 4185 580 4247 domimo
590 4181 745 4262 cujusvis,
757 4181 835 4263 quid
848 4190 990 4262 opponet,
1010 4181 1153 4262 quisquis
1170 4184 1312 4262 opponit,
1331 4187 1366 4244 ut
1382 4195 1446 4242 aare
1460 4179 1529 4242 im-

341 4292 460 4376 pauet?
480 4292 567 4358 Certe
586 4309 642 4356 uec
659 4291 781 4366 mulus,
801 4310 858 4356 uec
868 4295 1034 4368 citra,uec
1043 4309 1100 4355 aer
1106 4299 1256 4374 poterunt
1267 4290 1397 4374 culpari.
1408 4285 1530 4371 Accipe

344 4412 428 4477 erpo.
440 4389 496 4458 Sol
502 4412 560 4474 per
568 4395 714 4477 [oramen
724 4393 906 4470 rotundum,
919 4393 1015 4474 iuius
1027 4394 1152 4458 circiter
1162 4391 1377 4475 amplitudinis
1387 4423 1434 4438 -
1444 4385 1474 4454 0
1485 4423 1531 4438 -

346 4515 403 4572 aut
419 4502 514 4588 poulo
530 4505 674 4584 alcioris,
689 4504 847 4570 immissos
857 4502 1155 4586 perpendiculariter
1165 4499 1530 4574 caeterorummetum
