3096 5154
76 320 79 326 ·
182 279 226 346 98
586 297 812 346 ΑδΤΙΟΝΟΙΙΕΙΣΒ
835 298 960 346 aductus

182 441 281 516 atque
299 432 461 495 directum
478 434 755 507 concomitantnr,
771 436 853 516 quin
871 432 1073 499 circs-illum
1087 448 1173 499 suas
1189 438 1376 506 conficiant
1414 458 1420 517 :¹

181 541 429 615 conversiones,
444 541 569 606 interea
587 543 667 608 dum
681 544 772 607 circa
785 545 902 610 mnndi
915 549 1067 609 centrum
1076 560 1201 610 omnes
1210 551 1378 617 unadnc·
1414 532 1421 569 ¹

181 652 375 716 decennales
391 653 540 734 periodos
558 655 751 729 absolvunt,
766 657 890 720 nemini
906 656 1044 721 dubium
1057 672 1129 720 esse
1143 662 1279 739 potest.
1295 661 1376 729 Gon-

181 766 356 828 'verluntur
373 764 507 847 insuper
522 765 556 828 in
574 766 708 830 circulis
723 767 958 847 inaeqnalibns,
973 767 1063 848 quod
1080 768 1273 836 manifeste
1285 774 1376 839 colli·

181 873 271 953 gitur
286 892 329 938 ex
346 893 399 949 co,
418 877 497 956 quia
514 877 549 939 in
572 877 754 959 majoribus
773 894 793 939 a
816 877 898 941 Jove
916 876 1175 960 digressionibus
1198 899 1374 967 nunquan
1413 912 1416 925 ·

180 982 276 1046 binos
304 982 456 1050 Planetas
479 984 614 1066 junctos
639 986 752 1049 videre
772 986 882 1061 licuit;
904 1005 983 1052 cum
1000 992 1109 1052 tanen
1128 1005 1246 1073 prope
1264 994 1375 1060 loven

180 1091 263 1167 duo,
278 1098 357 1168 tres,
375 1099 408 1158 et
426 1094 596 1160 interdum
617 1111 733 1159 omnes
751 1096 851 1161 simul
867 1098 1044 1178 constipati
1065 1101 1194 1180 reperti
1215 1105 1302 1171 sint.
1320 1107 1376 1173 bs

178 1203 392 1282 prehenditur
418 1205 567 1285 insuper,
596 1205 780 1269 velociores
809 1223 880 1270 esse
900 1207 1133 1271 conversiones
1152 1208 1376 1283 araneum

179 1313 385 1396 angustiores
402 1314 492 1377 circa
509 1314 625 1380 lovem
649 1315 792 1378 circulos
820 1316 1090 1390 describentium
1112 1310 1376 1406 propinquiores

178 1426 267 1489 enim
296 1423 372 1488 lovi
398 1424 506 1490 Stellae
536 1424 655 1505 saepius
683 1430 875 1505 spectantur
894 1426 1086 1501 orientales,
1100 1444 1183 1493 cum
1202 1434 1326 1512 pridie
1340 1452 1375 1499 en

178 1554 297 1602 occasu
315 1536 545 1619 apparuerint,
563 1540 595 1599 et
611 1539 774 1599 econtra:
792 1540 825 1599 al
840 1535 978 1600 Planeta
993 1537 1183 1605 maximum
1197 1559 1376 1624 permeans

174 1648 301 1722 orbem,
320 1650 476 1713 accurate
494 1645 739 1726 praeadnotatns
757 1647 963 1710 reversiones
980 1646 1219 1728 perpendenti,
1240 1658 1376 1724 restitu-

173 1760 279 1822 tiones
298 1757 566 1820 semimenstruas
582 1756 704 1819 babere
722 1755 870 1819 videtur.
889 1755 1061 1820 Eximium
1082 1762 1280 1841 praeterea,
1300 1784 1376 1850 prn-

175 1868 368 1945 clarumque
383 1864 541 1927 babemus
557 1870 789 1944 argumentum
805 1884 864 1947 pro
878 1867 1034 1948 scrupulo
1049 1867 1177 1933 abillis
1194 1871 1376 1951 demendo,

175 1975 234 2053 qni
263 1977 298 2038 in
330 1972 512 2054 systemate
528 1971 753 2054 Copernicano
772 1977 1021 2041 conversionem
1040 1977 1276 2054 Planctarnm
1293 1991 1376 2055 eirca

178 2084 287 2148 Solem
306 2101 402 2164 aequo
420 2082 531 2146 animo
549 2083 703 2159 serentes,
723 2086 806 2149 adeo
824 2086 1060 2167 perturbantur
1077 2087 1119 2151 ab
1137 2093 1254 2160 unius
1279 2099 1377 2166 Luna
1410 2098 1417 2153 ³.

176 2197 267 2258 circa
298 2195 434 2257 Terram
460 2193 599 2268 latione,
619 2195 744 2261 interea
763 2196 841 2260 dum
862 2197 959 2260 ambo
977 2215 1125 2264 annuum
1140 2204 1272 2273 orbem
1293 2212 1376 2275 cim
1412 2190 1415 2277 J

178 2306 287 2372 Solem
302 2304 495 2380 absolvunt,
513 2309 550 2370 ut
563 2304 650 2370 hanc
665 2307 812 2371 universi
828 2307 1097 2372 constitutionem
1112 2313 1306 2395 tamquam
1322 2322 1377 2385 im·
1411 2322 1416 2341 ²

175 2419 363 2502 possibilem
382 2417 594 2482 evertendam
613 2435 682 2480 esse
700 2417 917 2492 arbitrentur;
933 2436 1022 2484 nunc
1042 2421 1129 2482 enim
1148 2425 1291 2495 nedum
1308 2432 1379 2497 Pla.

175 2536 287 2597 oetam
304 2548 409 2598 unum
428 2530 517 2593 circa
542 2531 646 2595 alium
674 2529 926 2592 convertibilem
952 2530 1126 2607 babemus,
1158 2531 1250 2604 dum
1281 2543 1378 2607 ambo

175 2656 333 2720 magnum
364 2638 454 2700 circa
482 2637 591 2701 Solem
606 2634 809 2716 perlustrant
828 2638 957 2712 orbem,
976 2657 1094 2705 verum
1111 2650 1271 2722 quatuor
1290 2655 1377 2719 circa

176 2750 308 2817 lovem,
326 2746 433 2809 instar
452 2745 552 2809 Luna
571 2747 663 2808 circa
681 2745 863 2821 Tellurem,
881 2765 995 2815 sensus
1013 2752 1110 2817 nobis
1131 2767 1310 2837 vagantes
1331 2767 1377 2832 ος.

176 2860 238 2925 iert
269 2852 400 2928 Stellas,
430 2855 510 2918 dum
540 2871 653 2919 omnes
682 2855 779 2922 simul
801 2875 879 2922 cum
901 2859 984 2924 love
1010 2860 1052 2923 12
1074 2879 1248 2935 annorum
1267 2876 1376 2957 spatio

177 2990 333 3054 magnum
353 2969 441 3032 circa
462 2965 572 3030 Solem
590 2973 758 3046 permeant
776 2968 900 3032 orbem.
931 2969 1204 3039 Praetereundum
1236 2984 1375 3049 tandem

175 3101 241 3147 non
260 3088 323 3157 cst,
342 3097 487 3162 quanam
508 3077 636 3142 ratione
652 3079 1056 3158 contingal,ulll1edicea
1075 3083 1190 3148 Sidera
1207 3088 1301 3157 dum
1319 3114 1374 3159 an-

177 3192 381 3269 {iustissimas
399 3188 625 3255 circatorem
645 3187 826 3252 relationes
841 3191 1035 3266 absolvunt,
1056 3194 1245 3275 semetipsis
1268 3203 1376 3270 inter-

177 3301 256 3365 dum
274 3301 448 3381 plusquam
473 3300 574 3381 duplo
593 3299 722 3382 majora
740 3298 926 3365 videantur.
954 3299 1098 3371 Causam
1122 3303 1155 3365 in
1184 3314 1377 3389 vaporibus

178 3412 314 3474 terrenis
340 3410 476 3475 minime
502 3428 649 3492 quaerere
675 3427 865 3492 possumus;
884 3417 1042 3491 apparent
1066 3412 1153 3476 enim
1173 3423 1299 3497 aucta,
1320 3440 1376 3488 seu

178 3519 319 3596 minuta,
339 3521 418 3588 dum
437 3520 546 3594 lovis,
562 3526 595 3584 et
612 3520 874 3601 propinquarum
894 3520 1038 3584 fixarum
1054 3524 1159 3587 moles
1174 3526 1224 3589 nil
1245 3529 1377 3601 immn-

180 3636 254 3694 talae
273 3639 464 3697 cernuntur.
483 3630 650 3693 Accedere
667 3630 883 3704 antomidus,
903 3631 1050 3713 adeoque
1070 3652 1091 3697 a
1109 3640 1197 3699 terra
1215 3639 1377 3726 elongari

178 3741 267 3805 circa
286 3757 352 3804 suae
372 3740 598 3805 conversionis
615 3741 811 3822 perigaeum,
830 3747 887 3807 aut
905 3761 1096 3827 apogaeum,
1112 3752 1149 3810 ut
1167 3751 1275 3816 tantae
1296 3773 1378 3821 mu·

178 3852 311 3916 lationis
329 3869 463 3917 causam
482 3852 734 3928 nanciscantur,
754 3853 889 3918 omnino
906 3854 1107 3933 inopinabile
1123 3855 1276 3938 videtur3
1293 3883 1377 3930 nam

177 3972 271 4026 arcln
288 3964 459 4027 circularis
472 3966 553 4029 latio
570 3966 602 4029 id
617 3965 710 4030 nulla
725 3966 853 4028 ratione
867 3967 1025 4045 praestare
1042 3965 1147 4037 valct;
1162 3968 1276 4033 ovalis
1293 3991 1377 4038 veru

178 4078 287 4139 molus
307 4070 380 4157 (qui
399 4073 433 4136 in
452 4075 514 4139 hoc
533 4094 612 4143 casn
631 4083 742 4140 rectus
757 4076 824 4140 iere
844 4073 945 4160 esset)
966 4079 998 4138 et
1023 4075 1248 4156 inopinabilis,
1275 4090 1311 4149 et
1335 4085 1376 4148 iis

176 4201 250 4263 quae
269 4189 428 4263 apparent
444 4187 537 4249 nulla
551 4189 678 4251 ratione
696 4201 863 4249 consonus
877 4202 947 4249 esse
967 4185 1110 4249 videtur.
1130 4185 1227 4260 Quod
1246 4191 1318 4257 bac
1339 4197 1375 4258 iu

178 4312 213 4357 re
231 4294 410 4369 succurrit,
427 4295 543 4359 lubens
561 4298 704 4381 profero,
726 4313 764 4358 ac
785 4300 873 4358 recte
896 4296 1198 4377 philosophantium
1218 4297 1374 4377 judicio,

176 4421 388 4484 censuraque
410 4406 558 4471 exlrilseo.
581 4406 714 4473 Constat
736 4408 942 4471 terrestrium
961 4421 1123 4483 vaporum
1139 4407 1292 4489 objectu,
1312 4414 1377 4480 So-
