3096 5154
427 353 571 405 semeae
597 350 729 404 irrosus
752 352 832 404 sess
855 353 993 404 nicenus
1018 355 1124 405 sossm
1302 340 1367 406 457

179 497 279 578 maqis
298 496 383 558 euim
404 495 469 558 bae
488 495 531 559 oti
549 496 677 575 sussum
699 493 830 556 colorem
852 492 1134 575 appropinquabat.
1156 493 1369 579 compensatur

179 611 234 672 bos
253 624 294 670 eo
311 623 361 679 eo,
384 605 468 686 quod
498 602 567 676 Sol,
592 621 652 684 per
679 605 825 684 [momen
846 604 884 666 in
906 603 1049 666 eborum
1073 605 1245 686 projeetus,
1275 609 1369 672 etiam

177 716 379 782 ramulorum
400 713 529 779 umbras
552 713 695 777 distincte
718 714 961 795 representarit.
984 711 1030 776 Et
1052 714 1116 777 boe
1134 716 1259 796 quidem
1276 717 1369 782 tubus

179 829 292 912 efferii,
314 826 396 890 Calo
413 825 628 889 serenissimo:
657 823 739 888 oouli
768 832 876 886 autem
903 824 971 886 sine
1002 822 1089 897 tubo,
1119 825 1184 887 siue
1213 827 1284 900 soli,
1306 828 1370 890 sios

178 936 359 1004 ocularibus
376 932 592 999 communibus
612 933 729 1015 adjuti,
748 931 870 1014 aliquid
888 932 990 1006 aliud,
1014 941 1044 995 ei
1065 931 1244 998 mirabilius
1262 933 1371 1016 depre-

180 1048 370 1121 benderuntr
387 1047 470 1110 oculi
488 1047 634 1126 iuquam,
651 1045 792 1124 primrm
794 1090 890 1117 .........
910 1042 1019 1106 delum
1023 1090 1116 1108 .........
1123 1088 1132 1118 ,
1152 1052 1221 1108 turn
1237 1046 1372 1111 istorum

179 1158 315 1230 monitu,
328 1156 399 1228 mei,
414 1154 611 1236 aliorumque
625 1151 867 1236 quamplurimi,
879 1153 972 1235 idque
986 1153 1121 1236 quolibet
1135 1154 1264 1238 deliquii
1274 1156 1371 1238 buius

181 1275 326 1349 tempore.
345 1264 484 1330 Vidimus
500 1274 621 1338 autem,
641 1271 793 1345 quotquot
810 1263 913 1328 vibere
932 1264 1164 1339 contendimus,
1183 1282 1253 1329 eam
1271 1263 1371 1331 Luna

177 1379 368 1458 portionem,
387 1393 458 1458 qua
475 1372 543 1439 Soli
560 1374 694 1439 obbueto
710 1375 787 1456 suit,
807 1381 905 1438 totam
923 1369 1028 1438 instar
1046 1374 1187 1456 orqstolli
1208 1384 1266 1440 out
1294 1379 1371 1442 uitri

180 1484 316 1565 abeujus
338 1483 543 1566 pellueitlom,
572 1482 773 1565 inaquoliter
803 1491 923 1556 lamen,
952 1485 999 1546 ita
1027 1492 1064 1546 ut
1085 1483 1204 1549 alieubi
1220 1486 1370 1554 albicaret

180 1602 258 1669 lota,
276 1594 395 1659 alieubi
415 1595 582 1660 albesceret
604 1601 745 1658 tanturn:
767 1600 866 1656 totum
888 1594 995 1676 itaque
1014 1590 1117 1657 Solem
1136 1595 1201 1659 vicli
1219 1605 1371 1664 constan·

180 1712 242 1778 ier,
271 1705 326 1768 sed
353 1723 427 1770 oum
455 1707 596 1770 marinio
622 1705 819 1778 discrimine·
842 1721 919 1767 nom
943 1721 1020 1785 pars
1052 1722 1074 1767 a
1102 1703 1197 1768 Luna
1219 1717 1371 1789 occupata

180 1815 355 1881 transluait
371 1817 592 1882 remississimo
607 1824 636 1879 et
647 1817 787 1880 manime
803 1815 907 1896 [raelo
925 1813 1069 1877 candore.
1089 1811 1132 1878 Et
1147 1816 1228 1879 bono
1243 1817 1371 1897 quibem

181 1927 408 2006 eaperientiam
426 1926 500 1991 tubo
517 1925 656 1990 aabibiio
673 1924 813 1989 stabilire
831 1941 1034 2005 nequaquam
1052 1925 1153 2000 licuit,
1172 1925 1268 1991 donee
1282 1944 1369 1991 unus

180 2037 264 2100 eirea
280 2039 403 2101 enisum
419 2035 521 2101 Luna
538 2054 560 2101 o
577 2033 648 2101 Sole
667 2035 917 2099 constantissime
938 2034 1144 2108 asseuerauit,
1167 2036 1270 2100 visam
1292 2053 1314 2099 a
1335 2053 1368 2100 se

178 2161 235 2226 per
249 2143 361 2208 tubum
375 2154 471 2210 totam
483 2141 566 2210 Solis
578 2146 805 2228 peripberiam,
820 2144 943 2208 etiamsi
957 2141 1052 2209 Luna
1067 2143 1253 2210 nonnullam
1266 2147 1370 2212 albus

179 2251 354 2339 porlionem
372 2257 470 2338 ipsius
488 2265 663 2340 oocuparet.
978 2303 980 2308 .
1347 2311 1350 2318 .

220 2419 223 2422 .
274 2362 353 2442 Qua
368 2367 586 2448 pbanomeno,
606 2369 635 2432 si
655 2366 792 2431 ludibrio
809 2384 875 2430 uon
900 2375 988 2438 sunt,
1016 2367 1276 2447 quemadmodum
1306 2386 1369 2434 esse

182 2495 248 2540 non
273 2485 439 2558 putamus,
468 2477 627 2558 inlelliqis,
662 2479 785 2559 opinor,
819 2477 960 2540 morulas
990 2475 1105 2540 solares
1138 2495 1271 2558 corpora
1304 2499 1371 2544 non

181 2589 287 2652 minus
315 2587 413 2652 densa
434 2596 529 2670 atque
547 2605 645 2670 opaca
660 2605 738 2661 esse,
756 2589 907 2669 quamsit
922 2584 1030 2659 Luna,
1049 2586 1178 2668 ideoque
1194 2605 1252 2669 pro
1267 2588 1369 2652 nebu-

181 2697 218 2761 lis
240 2698 413 2763 nubibusoe
432 2699 564 2763 necdum
578 2699 777 2780 aquoseenda
797 2697 940 2771 Lunomr
954 2699 1056 2778 ipsam
1073 2693 1173 2781 (quod
1192 2704 1221 2761 et
1236 2697 1368 2763 maculis

180 2809 390 2891 compluribus
418 2810 545 2882 accidit,
576 2818 606 2872 et
634 2829 676 2874 ea
698 2828 761 2892 quo
791 2808 938 2872 morolio
967 2804 1140 2871 multarum
1163 2807 1367 2892 delemur)

174 2937 235 3002 per
257 2928 357 2985 lotum
374 2938 438 2984 esse
460 2920 673 3002 perspicuam,
692 2921 793 3000 meqis
816 2926 846 2980 et
866 2919 988 2990 minus,
1017 2917 1191 2980 secundum
1217 2917 1370 2999 majorem

179 3032 368 3096 minoremve
386 3030 587 3094 densitatem:
605 3048 668 3110 quo
685 3029 771 3101 dato,
789 3027 882 3109 facile
900 3027 954 3089 illo
972 3028 1124 3089 bootenus
1141 3026 1264 3106 aqitato
1277 3044 1367 3109 quo-
1407 3088 1409 3092 .

180 3142 241 3204 stio
256 3140 292 3204 tle
308 3141 499 3205 maundaria
517 3139 571 3204 illo
593 3159 681 3204 noooe
699 3137 799 3202 Lunee
819 3137 885 3201 lure
915 3134 1118 3199 dissoluatur.-
1147 3144 1192 3198 est
1208 3136 1294 3199 enim
1312 3137 1367 3202 illo

180 3253 263 3319 tiibil
288 3254 375 3319 aliud
401 3272 498 3336 quam
528 3254 586 3318 lua
604 3251 698 3317 ¹Solis
728 3251 855 3316 Lunam
878 3248 1067 3332 pervadens,
1097 3255 1126 3312 et
1147 3247 1188 3312 ab
1205 3248 1313 3312 eadem
1328 3251 1365 3315 in

179 3363 284 3430 oeulos
302 3372 422 3429 nostros
449 3366 605 3447 refracta:
633 3363 753 3437 debilis,
783 3363 861 3443 quia
882 3361 1035 3442 refracto,
1055 3367 1084 3422 et
1101 3360 1180 3441 quia
1195 3368 1365 3442 penetrans

177 3472 332 3550 Lunam·-
349 3482 383 3539 at
410 3493 483 3540 vero
511 3474 626 3549 altera,
655 3473 732 3555 quia
749 3490 770 3535 a
788 3470 888 3535 Luna
916 3471 1078 3552 superficie
1096 3470 1139 3532 ad
1156 3488 1214 3534 nos
1231 3471 1365 3554 retleaa,

176 3585 290 3667 {ortior
306 3593 336 3650 el
363 3585 533 3651 illustrior:
551 3603 615 3666 quo
643 3593 750 3648 autem
779 3581 875 3646 Luna
901 3582 1002 3662 maqis
1019 3598 1040 3643 o
1058 3577 1129 3645 Sole
1157 3580 1286 3656 recedit,
1310 3583 1366 3646 boa

176 3697 326 3778 refractio
341 3696 397 3760 illo
414 3697 589 3771 remissior,
608 3704 637 3759 et
656 3704 766 3760 contra
784 3696 847 3758 bae
864 3694 993 3778 reflexio
1011 3696 1045 3778 fil
1061 3693 1191 3776 sortior:
1211 3710 1228 3754 e
1250 3691 1365 3774 quibus

176 3808 322 3887 uirisque
339 3823 437 3870 eausa
454 3807 537 3871 illius
554 3807 682 3871 luminis
698 3807 872 3879 imminuti,
892 3806 987 3886 buJ'us
1001 3803 1089 3867 aneti
1101 3803 1240 3884 paieseit.
1256 3801 1365 3882 Neque

177 3918 255 3982 mibi
276 3925 408 3980 terrena
426 3917 518 3991 lueis,
537 3920 566 3982 si
584 3935 649 3999 qua
665 3926 725 3990 est,
743 3916 872 3998 refleaio
891 3924 981 3979 tanta
999 3931 1063 3976 esse
1077 3912 1270 3986 videtumut
1287 3910 1366 3973 illud

173 4028 401 4108 pbanomenon
415 4037 566 4108 procreet,
585 4030 649 4092 boa
668 4036 774 4090 autem
785 4027 840 4090 oia
853 4025 972 4090 rationi
986 4025 1106 4106 opiieoe,
1123 4031 1152 4087 et
1164 4019 1365 4104 pbilosopbia

176 4139 462 4220 eonqruentissima
474 4148 528 4203 esi.
546 4138 654 4221 Opera
673 4140 773 4220 iqitur
783 4140 922 4219 pretium
934 4137 1048 4218 suerit,
1065 4134 1188 4219 suturis
1202 4131 1365 4215 eclipsibus

175 4247 291 4313 olibae
314 4259 472 4332 punctum
500 4251 628 4316 solerter
657 4248 840 4332 adoiqilare.
869 4247 925 4313 Ex
953 4249 1011 4313 bae
1040 4247 1147 4311 eadem
1168 4245 1365 4327 experientia

175 4360 345 4442 inlelliqos,
365 4372 401 4426 ut
418 4361 559 4436 Lunam,
575 4363 622 4424 ita
637 4370 665 4424 ei
687 4359 827 4426 morulas
845 4359 961 4441 absque
980 4356 1210 4440 comparatione
1228 4353 1293 4417 ulle
1310 4351 1364 4411 ni·

174 4472 392 4554 primosum,
415 4475 570 4557 quamsit
601 4472 701 4539 ullum
731 4471 966 4554 circumjectum
995 4469 1062 4536 Soli
1091 4483 1203 4550 eorpus
1233 4461 1361 4530 ealeste,

259 4579 383 4640 ossum
401 4581 643 4641 Gumis-Tou.
664 4581 711 4638 ΙΙΙ.
1167 4573 1209 4628 nb·
