3096 5154
506 349 545 392 otc
569 345 771 394 enasouants
795 348 824 393 m
848 348 926 395 ones
951 347 1036 394 saun
1296 329 1360 394 299

181 483 259 557 cuia,
266 483 367 563 jueto
381 480 663 562 Peripateticorum
677 483 878 556 sententiam,
896 485 951 547 hoc
966 486 1013 566 fit,
1026 491 1144 546 aternu
1157 491 1358 562 permanente

176 594 283 674 prima
298 591 446 664 materia,
466 598 495 652 et
514 597 631 669 aterno
641 599 847 670 permanente
861 594 965 671 primo
983 610 1123 674 corpore,
1143 608 1250 672 nempe
1269 579 1367 656 cotos

183 699 291 779 Quare
303 709 405 782 patet,
425 699 522 782 quod,
542 701 570 762 si
588 700 747 779 ueneratio
765 706 795 761 ct
809 704 969 782 corruptio
986 702 1237 784 tempestatum
1254 704 1311 775 sit,
1326 711 1361 764 ut

179 812 305 894 antiqui
322 809 504 891 Philosophi
525 808 763 879 eaisdmarunt,
788 815 817 870 et
832 815 869 871 nt
884 807 1000 871 iumine
1019 811 1162 875 naturali
1180 810 1221 874 ab
1236 807 1363 875 Aristo-

180 921 236 986 teic
261 920 431 1003 probatum
456 925 501 981 cst
528 915 612 981 VIII
635 916 859 999 Physicoeum,
885 914 1004 979 Caium
1035 935 1100 981 non
1121 928 1167 983 est
1188 919 1362 1001 pcnerahiie

181 1050 238 1096 nee
266 1028 483 1112 mrraptitriie:
512 1027 595 1109 qaod
615 1027 729 1108 suffieit
750 1025 792 1090 ad
813 1025 1044 1107 confutandam
1062 1027 1143 1089 hanc
1161 1032 1362 1102 sententiam,

180 1159 252 1222 qua
269 1141 399 1212 merit,
419 1136 537 1201 Galum
555 1145 584 1200 et
601 1136 715 1218 sydera
733 1153 797 1199 esse
816 1137 921 1218 ipnea.
938 1134 1087 1210 Memini,
1105 1155 1177 1200 cum
1194 1136 1364 1220 aliquando

180 1252 379 1330 eaapitarcm
402 1250 482 1312 hanc
504 1248 709 1329 quartioncm
732 1244 840 1309 Roma
862 1263 934 1308 cum
957 1245 1213 1309 eccellentissimo
1232 1243 1362 1319 Gaiitcm

181 1359 328 1424 adstante
355 1359 423 1423 ciro
458 1357 633 1421 doctissimo
663 1352 803 1427 Antonio
830 1355 962 1429 Persio,
998 1373 1120 1419 necnon
1155 1354 1364 1420 eruditissimo

179 1477 277 1550 atque
303 1467 460 1532 illustriss.
486 1465 637 1531 Federico
661 1463 778 1538 Casio,
807 1466 989 1530 marchione
1007 1464 1127 1530 Montis
1156 1464 1262 1539 Catii,
1290 1485 1365 1529 uec-

179 1596 245 1643 non
267 1578 340 1643 aliis
363 1577 460 1642 doctis
487 1577 580 1650 viris,
611 1577 666 1640 hac
689 1565 912 1656 arpumentum
942 1593 991 1638 me
1023 1574 1185 1648 attulisse:
1207 1576 1298 1656 eujus
1332 1578 1364 1639 oi

180 1686 292 1750 deictus
327 1684 369 1749 D.
404 1683 543 1751 Gaiiieas
578 1704 642 1751 non
675 1687 822 1766 nepaoit,
852 1703 973 1749 necesse
992 1666 1071 1748 'csse
1102 1685 1173 1749 dari
1206 1688 1261 1750 hoc
1292 1690 1365 1767 pri-

179 1815 267 1860 mam
288 1814 402 1878 corpur
431 1795 627 1860 inaiterahiic
656 1803 685 1858 ct
715 1795 966 1878 incorruptibile·
994 1795 1047 1858 sed
1075 1797 1131 1861 hoc
1158 1813 1222 1859 csse
1252 1793 1363 1859 Solem.

182 1903 276 1982 (harod
300 1908 329 1970 ri
355 1924 467 1971 reram
484 1914 551 1981 ert,
581 1925 653 1970 eum
672 1903 796 1978 Solem,
824 1914 854 1968 ct
875 1906 979 1987 quoad
1001 1907 1097 1988 spdus
1124 1914 1154 1968 et
1176 1906 1280 1987 quoad
1309 1925 1364 1969 or·

180 2015 268 2090 mm.
295 2015 457 2081 uideam
488 2015 627 2096 ejusdem
655 2015 839 2079 substantia
867 2032 930 2078 esee
963 2034 1035 2079 cum
1063 2017 1172 2080 ceteris
1201 2015 1363 2098 syderibus

180 2135 210 2191 et
238 2125 381 2199 orbitam
408 2135 614 2199 nemimem,
646 2124 765 2189 Caium
792 2125 949 2207 reliquum
971 2143 1009 2188 ac
1033 2134 1136 2189 cetero
1163 2125 1276 2208 spdcra
1300 2142 1363 2187 csse

181 2237 305 2317 pariter
322 2235 585 2318 incorruptibilia,
601 2245 637 2300 at
652 2234 765 2300 Solem.
780 2235 887 2318 Neque
905 2235 1021 2309 obstat,
1041 2244 1143 2300 cetera
1160 2237 1275 2317 sydera
1291 2254 1365 2298 mre·
1431 2285 1432 2288 ,

183 2346 274 2410 trrari
294 2344 435 2410 iamenu
453 2342 536 2420 Saie,
554 2344 660 2411 Soiern
677 2355 783 2410 autom
800 2365 841 2411 ea
858 2365 889 2409 se
908 2349 975 2428 ipso
994 2346 1113 2419 lucere:
1130 2365 1203 2410 cum
1222 2344 1278 2411 Sat
1295 2363 1364 2409 eam

176 2457 411 2538 proportionem
428 2455 539 2520 habeat
553 2459 589 2520 in
606 2455 699 2530 Caio,
711 2474 808 2539 quam
824 2457 885 2521 Cor
902 2459 938 2519 in
955 2455 1105 2529 animali·
1115 2473 1152 2518 ac
1171 2456 1267 2533 vetati
1284 2454 1365 2518 nihii

179 2562 294 2637 caat,
314 2563 454 2646 reliquae
471 2567 619 2630 animalis
636 2575 745 2648 partes
768 2584 832 2630 esse
849 2569 1008 2629 animatas
1029 2574 1057 2628 et
1081 2566 1117 2628 dc
1136 2567 1272 2629 essentia
1289 2566 1365 2627 ani-

178 2672 287 2751 ataiie,
314 2676 461 2756 quamsit
489 2677 635 2739 vitamet
657 2675 789 2739 calorem
818 2684 1005 2739 mutuentur
1027 2675 1067 2739 ab
1089 2677 1157 2756 ipso
1188 2673 1299 2746 Cardu·
1317 2678 1364 2737 ita

178 2782 260 2849 nihii
273 2783 393 2860 curor,
407 2792 513 2848 cetera
528 2785 642 2866 sydera
657 2802 721 2848 esse
740 2785 776 2848 de
794 2785 929 2848 essentia
948 2787 1048 2866 ipsius
1070 2785 1158 2857 Caii,
1177 2792 1273 2866 atquc
1294 2785 1363 2864 ejus

180 2901 333 2958 maram
344 2894 555 2975 participare,
570 2903 606 2957 ut
625 2892 693 2968 Sat,
713 2896 857 2977 quamuis
877 2892 933 2958 Soi
946 2895 1082 2959 nobilius
1101 2913 1171 2959 cam
1184 2897 1362 2977 participet.

185 2998 350 3076 omnmo,
370 3022 442 3068 erens
463 3002 580 3068 Caium
598 3007 640 3069 sit
656 3006 835 3068 animatum
852 3014 881 3068 et
898 3006 1021 3068 animai
1036 3006 1192 3087 quoddam
1208 3003 1278 3087 (ut,
1293 3021 1363 3091 non

181 3108 272 3174 mado
288 3095 470 3176 Aristoteles
493 3115 612 3188 sensit,
641 3114 777 3181 seeundo
799 3115 835 3178 de
856 3113 951 3189 Cato,
975 3133 1084 3179 oerum
1108 3117 1203 3178 etiam
1222 3113 1315 3178 Plato
1333 3122 1361 3176 et

181 3219 241 3285 aiii
266 3221 465 3304 puamphtres
493 3223 673 3306 Philosophi
680 3223 710 3308 ),
735 3242 856 3288 necesse
891 3233 959 3289 erat
988 3242 1030 3288 ca
1061 3224 1191 3288 divorsis
1216 3223 1361 3305 partiam

182 3312 506 3414 mnsturc'rcnquom
535 3353 647 3416 corpus
666 3336 870 3415 arpanicum:
888 3335 997 3397 anima
1019 3336 1104 3397 enim
1130 3334 1275 3415 arpanici
1292 3351 1363 3396 cor-

175 3442 268 3523 poris
285 3448 332 3505 est
349 3450 454 3519 aetus,
474 3444 587 3526 rudera
616 3453 724 3508 autem
741 3452 771 3505 ot
788 3452 878 3506 astra
905 3442 1033 3506 eoetcstts
1060 3445 1202 3525 corporis·
1216 3452 1292 3506 sunt
1309 3461 1364 3506 or-

178 3566 283 3632 patsar
299 3551 361 3618 etta
380 3555 465 3618 enim
484 3554 602 3618 Caium
623 3572 698 3617 suos
717 3555 855 3617 actiones
875 3561 904 3616 et
921 3554 1115 3634 operationes
1135 3553 1290 3633 producit.
1307 3550 1363 3615 Ea

180 3661 313 3743 paidom,
331 3681 397 3727 non
417 3665 506 3728 modo
520 3666 687 3746 proposita
710 3663 892 3744 questionis
921 3665 1038 3727 veritos
1066 3661 1232 3735 constabit,
1252 3679 1363 3726 oerum

182 3773 280 3835 ctiam
308 3771 412 3838 adata
423 3776 516 3856 prius
530 3794 591 3856 pro
613 3777 776 3839 contraria
800 3775 957 3838 sententia
978 3776 1116 3838 rationes
1135 3773 1303 3837 solventur.
1320 3771 1364 3836 At

175 3881 298 3962 priato,
318 3893 541 3964 orpumentum
556 3887 712 3965 primum:
731 3884 883 3965 quomodo
903 3883 1020 3947 Caium
1038 3885 1141 3965 ipsum
1159 3892 1188 3945 et
1205 3891 1307 3954 astra,
1325 3901 1363 3946 ac

177 3991 378 4072 potissimam
392 3990 462 4068 Sci,
482 4013 554 4058 cum
573 4013 638 4058 nan
655 3995 719 4057 sint
738 3993 850 4066 calida,
871 3996 906 4056 in
924 3995 971 4056 his
990 3992 1195 4076 inferioribus
1219 3992 1364 4058 calidita-

181 4105 243 4162 tem
257 4101 401 4182 p‘aciant:
424 4121 489 4169 non
512 4107 596 4168 enim
623 4105 785 4168 attritione
806 4112 835 4166 et
852 4110 952 4177 motu,
972 4110 1008 4165 ut
1028 4101 1209 4168 Aristoteles
1228 4104 1264 4167 dc
1284 4103 1364 4168 Caio

182 4211 307 4284 statuit:
323 4229 398 4275 cum
416 4215 537 4278 attritio
552 4233 616 4278 uon
628 4215 725 4295 possit
743 4216 811 4296 pieri
827 4215 862 4276 in
878 4222 1017 4279 extremo
1036 4217 1256 4296 cooperandi
1270 4217 1362 4296 prius

182 4318 239 4398 hat
255 4321 290 4382 in
307 4321 426 4397 medior
455 4343 519 4388 non
548 4333 653 4387 autem
672 4327 706 4387 in
723 4325 836 4397 medio,
856 4325 919 4387 nisi
941 4324 1058 4389 Catum
1081 4329 1121 4388 sit
1143 4324 1361 4407 corruptibile:

184 4443 258 4506 erat)
286 4448 386 4514 neque
416 4436 451 4496 in
480 4443 632 4506 extremo,
664 4454 770 4516 nempe
802 4438 834 4496 iu
867 4438 953 4514 ipae,
976 4446 1032 4499 out
1062 4456 1133 4502 acre
1152 4448 1179 4499 et
1198 4432 1361 4498 scctstecnari
1428 4420 1430 4425 ’
