3096 5154
424 367 566 417 narrans
591 368 720 415 snsoono
744 369 822 414 sese
848 365 981 415 neccaro
1006 371 1111 416 sossio
1292 352 1356 419 379

181 516 277 580 slere3
294 523 366 586 eros
378 504 536 587 probabile
556 523 607 569 eas
626 505 666 568 ab
686 505 789 569 eodem
806 504 1114 569 multumillostrori.
1129 501 1257 578 Ouinio
1269 525 1356 571 mor-

178 621 252 701 oine
266 612 349 682 Solis
367 613 590 696 arasilemuni,
608 616 656 678 uli
674 614 832 687 diximum·
848 632 948 695 neom
972 615 1027 677 noe
1048 615 1272 694 planomenon
1294 615 1356 679 solo

180 733 269 793 motu
287 724 439 791 eirrolari
457 723 580 805 &senii
595 731 712 806 polest:
730 743 804 805 erqo
820 723 885 789 alia
902 726 998 787 etiam
1019 725 1102 789 ratio
1124 724 1236 806 offerri
1259 725 1357 799 delet,-

178 842 244 905 lae
261 845 370 903 amem
387 841 433 899 est
451 832 656 908 illuminatio,
673 852 743 914 qua
759 841 880 914 partem
897 851 1027 915 opacam
1043 833 1087 897 ad
1104 852 1160 899 nos
1180 835 1356 906 imminuit,

179 958 210 1013 e
225 949 271 1013 ne
286 943 694 1026 enumerationes.
712 924 1160 1026 omasseommurorrao.
1179 943 1285 1025 reso.
1304 943 1357 1027 r).-

268 1055 320 1123 sn
337 1053 392 1120 Sol
410 1050 569 1127 ΑΒΟΒΕ,
589 1054 681 1135 euius
698 1064 841 1119 centrum
859 1053 899 1126 A,
915 1056 1080 1134 perimeter
1103 1053 1235 1118 BCDE:
1250 1063 1358 1121 oentro

177 1169 222 1233 sil
244 1167 414 1248 detemptus
437 1165 573 1231 oiroulus
596 1162 752 1237 rastra,
772 1167 807 1228 in
831 1185 892 1246 quo
914 1167 1038 1247 [oratur
1059 1165 1185 1230 macula
1204 1165 1230 1231 L
1248 1185 1306 1247 per
1330 1161 1357 1229 G

181 1280 218 1341 in
238 1275 280 1350 Η,
296 1293 337 1339 en
354 1272 392 1338 tt
404 1276 440 1339 in
458 1273 499 1348 li,
517 1292 614 1356 auam
631 1272 687 1340 Sol
703 1273 835 1339 illustret
853 1274 951 1339 raclils
971 1271 1044 1347 BG,
1062 1272 1125 1349 OS,
1144 1275 1270 1355 quando
1286 1292 1358 1339 ma·

182 1378 257 1445 aula
274 1386 319 1441 en
335 1378 371 1443 ln
388 1373 433 1450 G,-
450 1377 576 1459 auando
591 1379 627 1440 in
643 1375 691 1450 Η,
710 1375 809 1441 radiis
829 1374 896 1451 ott,
913 1373 995 1451 ott,-
1013 1376 1140 1457 quondo
1158 1378 1194 1439 in
1212 1376 1241 1449 1,
1258 1375 1357 1441 radiis

181 1485 257 1564 ΡΟ,
284 1483 352 1551 at.-
377 1485 485 1552 oeulus
512 1494 620 1563 autem
644 1488 680 1553 in
698 1493 785 1552 term
801 1484 831 1551 ll
847 1487 978 1567 notities,
998 1488 1129 1567 aspiciat
1146 1486 1304 1551 morulam
1321 1483 1357 1558 L,

179 1602 335 1664 tlalttlattl
353 1597 390 1660 lu
408 1592 447 1668 G,
461 1592 719 1677 armisona,
739 1593 811 1668 lt&
829 1596 865 1659 in
883 1593 920 1659 H
926 1614 985 1675 per
999 1594 1103 1659 rotlioo
1116 1593 1188 1667 RN,
1200 1593 1280 1668 ΒΕ·
1292 1594 1361 1658 inl

177 1723 237 1790 not·
252 1706 358 1777 tallias
368 1701 443 1782 RQ,
453 1703 512 1770 BI.
523 1702 735 1786 Emperlsntla
753 1713 858 1769 autem
870 1711 1016 1769 constans
1027 1703 1126 1777 dotet,
1143 1704 1272 1769 eantlem
1286 1723 1357 1768 ma·

182 1815 286 1885 sulam
301 1814 330 1881 L
346 1815 406 1881 sul
423 1814 542 1897 annum
556 1815 673 1878 minori
691 1815 826 1894 conspici
844 1816 879 1876 in
899 1809 937 1886 G,
957 1822 986 1875 et
1006 1812 1034 1886 t,
1052 1830 1148 1893 quam
1166 1815 1201 1875 ln
1222 1811 1269 1876 11:
1284 1817 1358 1878 item

179 1927 276 1999 etiam
301 1924 451 2008 orarilem
479 1933 509 1988 et
537 1923 700 2004 ollonnam
728 1926 763 1986 in
791 1920 820 1988 G
846 1933 875 1986 et
900 1923 928 1997 1,
947 1923 1116 1988 rotundam
1133 1925 1169 1986 in
1187 1922 1236 1997 tn·
1256 1934 1284 1987 et
1302 1926 1356 1988 llos

180 2035 295 2103 melon
310 2033 393 2110 ideo,
411 2036 490 2118 aulo
502 2033 628 2101 musula
644 2033 672 2098 L
689 2053 797 2099 uersus
818 2032 923 2100 Solem
939 2037 1135 2100 venementer
1157 2034 1355 2109 illustratur.

181 2153 212 2219 el
229 2147 267 2211 in
285 2142 313 2212 G
330 2153 424 2229 alque
445 2145 464 2209 1
477 2146 591 2227 potita,
606 2146 695 2209 aaulo
715 2163 863 2226 mannam
878 2146 1098 2211 illustrationis
1111 2164 1176 2210 sua
1183 2148 1358 2226 portionem

180 2253 578 2338 offensumlmneronon
589 2254 908 2337 illentratamollloue
926 2255 1046 2337 obiicit,
1061 2265 1191 2338 proptor
1203 2257 1357 2322 oiroulum

184 2359 335 2428 Fam
349 2380 415 2428 tna
435 2363 573 2450 lationis,
590 2367 626 2428 in
648 2363 686 2428 Η
700 2373 806 2428 autem
827 2366 941 2429 directe
964 2368 1091 2447 opponit
1113 2358 1164 2429 s'ui
1184 2369 1358 2446 portionem

182 2472 366 2538 omeuran:
387 2472 470 2538 uncle
490 2476 538 2557 nl,
562 2481 598 2537 nt
615 2477 722 2538 minus
740 2475 775 2537 cte
793 2475 923 2540 obscuro
941 2475 1100 2548 uideatur,
1119 2483 1148 2536 et
1165 2477 1282 2538 minori
1300 2478 1358 2539 sul

182 2582 316 2666 anuum,
335 2583 461 2664 quando
478 2583 603 2648 marulo
625 2594 669 2647 est
688 2588 723 2647 in
740 2580 768 2648 G
785 2594 880 2667 atque
899 2584 932 2658 1,
951 2601 1048 2666 quam
1065 2587 1100 2647 in
1118 2583 1165 2647 11:
1184 2587 1259 2648 item
1272 2589 1358 2648 utin

183 2690 214 2759 G
235 2701 267 2758 ol
294 2691 326 2771 1,
350 2695 460 2761 mlerlt
478 2694 620 2775 paribus,
650 2696 776 2777 arasllis
800 2704 830 2761 el
850 2696 996 2777 ollonaa,
1015 2699 1063 2760 uti
1081 2699 1116 2758 in
1135 2699 1238 2778 flaura
1255 2698 1358 2761 videre

183 2811 241 2878 est,
259 2805 296 2868 in
313 2801 352 2867 H
363 2822 437 2868 aero
455 2805 602 2870 rotunda.
622 2805 653 2869 Il
671 2807 784 2887 quilees
801 2807 946 2873 omnibus
964 2806 1163 2871 delusumur
1180 2809 1241 2872 ista
1260 2806 1358 2870 corol-

272 3021 308 3088 1⁰
325 3020 394 3088 Hos
411 3025 551 3090 maculae
570 3045 591 3091 a
609 3023 680 3092 Sole
699 3045 763 3091 non
781 3028 915 3090 multem
933 3029 1083 3092 recedere.

272 3132 311 3198 2⁰
326 3133 394 3199 Eas
411 3137 488 3200 ratis
505 3153 637 3218 mannas
655 3155 732 3212 esso,
751 3138 831 3202 olias
849 3135 905 3202 Sol
922 3138 1139 3218 nononiturline
1154 3157 1214 3201 sua
1228 3138 1296 3202 illas
1312 3141 1359 3200 ir-

180 3243 339 3312 radian&
352 3247 477 3328 pentus
495 3247 682 3312 absorberet.

274 3355 311 3422 3·
333 3355 421 3423 Vallo
447 3376 559 3440 opacas
583 3358 802 3442 etprofundas
822 3376 902 3431 esse:
921 3360 1056 3440 eoquod
1075 3366 1140 3422 tom
1162 3362 1271 3440 niara-s
1294 3361 1359 3440 effl-

179 3469 272 3532 elom
288 3465 431 3544 miras,
447 3471 484 3532 ln
502 3477 593 3533 tanta
610 3466 693 3533 Solis
711 3472 846 3551 uicinia,
867 3480 931 3533 tam
949 3472 1143 3535 uehementer
1167 3488 1207 3534 eor
1229 3471 1360 3535 aduersa

178 3575 225 3641 all
250 3573 355 3643 Solem
378 3587 470 3660 parte
493 3579 672 3653 illustrata,
695 3589 724 3642 et
742 3583 777 3643 in
796 3591 884 3645 tanta
902 3582 1073 3652 ellstanlla‚'
1088 3582 1225 3644 uidelicet
1243 3581 1285 3643 od
1304 3600 1359 3643 nos

182 3704 293 3769 usaue.

270 3795 309 3861 t·
326 3795 364 3862 Si
376 3817 435 3882 per
452 3800 643 3881 splendorem
661 3800 741 3866 Solis
762 3803 863 3869 liceret
879 3814 983 3885 partes
996 3804 1121 3866 illarum
1133 3802 1327 3871 collustratos
1340 3823 1360 3864 o

179 3925 247 3974 mom
262 3906 451 3973 nollemlralls
470 3910 659 3985 discernere,
672 3916 775 3976 visum
787 3916 828 3978 iri
847 3933 867 3975 a
887 3914 975 3977 nobis
991 3914 1146 3994 plurimas
1159 3918 1243 3977 circa
1258 3911 1360 3975 Solem

181 4014 309 4081 nouus
331 4028 496 4093 cornutas,
516 4020 638 4100 aibbas,
658 4040 769 4096 novas,
788 4033 817 4086 et
835 4025 969 4104 fortasse
989 4025 1083 4086 etiam
1097 4023 1218 4105 plenas.

269 4126 307 4192 δ’
325 4124 471 4193 Eandem
488 4133 633 4212 fortassis
652 4152 715 4196 esso
733 4135 903 4206 rationem,
922 4133 1026 4213 quoad
1045 4137 1095 4198 sui
1112 4134 1361 4207 illustrationem,

178 4235 318 4302 Mum
335 4248 505 4305 astrorum.

273 4347 309 4413 6⁰
330 4347 583 4417 Consentaneum
612 4358 683 4418 ltine
715 4361 808 4420 etiam
836 4375 914 4429 osse,
943 4357 1076 4422 Jooiolos
1101 4362 1236 4428 comitor,
1262 4357 1363 4437 quood

180 4466 302 4524 molum
327 4471 355 4523 et
379 4465 488 4536 silum,
510 4467 594 4527 norro
618 4468 749 4548 disparis
770 4487 832 4531 esso
854 4477 991 4532 natura:
1008 4470 1088 4531 sendo
1114 4491 1166 4535 nos
1190 4474 1284 4550 forme
1305 4486 1362 4545 pro

824 4803 851 4861 f
