3096 5154
173 234 217 301 86
572 241 800 291 aanouontcus
821 242 948 291 nuncius

175 391 217 455 ab
224 381 472 455 occidentaliori
488 375 616 445 minii:
627 385 787 463 erantque
805 380 931 463 pariter
947 392 1063 445 omnes
1079 379 1117 445 in
1132 373 1268 443 mern
1282 384 1374 445 reeta
1419 430 1424 445 .

173 501 278 570 linea,
295 489 477 557 seeundum
492 489 620 557 zodiaci
636 491 880 574 longitudinem
895 493 1052 557 extenta.

262 605 322 671 Die
338 605 453 681 tertia,
478 605 561 671 hora
589 605 745 688 septima,
767 606 803 669 in
831 606 896 669 liae
925 602 1011 669 aeria
1028 600 1207 685 amonitae
1231 603 1374 672 metunt

177 718 296 787 Stellae.
314 715 491 782 Orientalia
510 734 531 782 a
549 718 632 783 love
662 717 807 783 distabat
833 714 914 780 min.
935 713 953 778 1
972 731 1036 779 reo.
1061 710 1119 779 30:
1140 715 1374 782 occidentalia
1437 764 1440 769 ·

176 829 328 912 proxima
345 828 424 893 min.
443 827 480 905 23
497 829 540 895 ab
561 830 623 893 hae
640 846 721 894 vero
743 826 961 908 elongabatur
987 824 1235 890 oooiaootalior
1265 827 1375 893 altera

181 1030 260 1120 oa
520 985 799 1194 aQa
1074 1022 1118 1111 a
1258 1028 1372 1123 Q

176 1260 255 1323 min.
275 1257 326 1325 10.
339 1258 445 1325 Erant
462 1257 597 1339 praeire
614 1256 650 1319 in
667 1254 782 1320 eadem
799 1260 902 1333 recta,
916 1258 951 1320 et
964 1251 1209 1337 magnitudinis
1219 1256 1377 1339 aequalia

264 1370 324 1438 llie
340 1374 472 1453 quarta,
490 1369 573 1433 hora
603 1365 762 1443 secunda,
790 1366 880 1432 eirca
908 1364 1027 1429 lovem
1053 1367 1204 1445 quatuor
1237 1366 1377 1431 stabant
1428 1418 1433 1441 ,

176 1481 297 1560 Stella,
307 1481 485 1547 orientales
494 1479 580 1556 duae,
592 1493 631 1540 ao
647 1476 721 1541 duae
739 1475 970 1551 occidentales,
985 1475 1021 1538 in
1035 1471 1148 1536 eadem
1160 1471 1209 1537 ad
1220 1490 1376 1559 unguem
1430 1468 1435 1491 ¹

176 1599 268 1660 recta
284 1594 372 1658 linea
388 1590 569 1673 disposita,
586 1591 625 1653 ut
642 1587 677 1652 in
693 1586 847 1668 proxima
865 1586 984 1668 ligura.
998 1580 1204 1648 Orientalior
1220 1583 1377 1650 dismnat

181 1777 260 1869 or.
537 1732 814 1938 aaa}
927 1770 981 1879 aa
1131 1766 1375 1877 aloa

180 2016 201 2062 a
216 2000 364 2080 sequenti
379 1999 459 2062 min.
479 1996 515 2075 3,
533 1999 603 2063 haeo
620 2016 700 2063 vero
717 2017 738 2063 a
755 2000 839 2065 Jove
857 2000 971 2063 aberat
988 1999 1068 2064 min.
1085 1998 1186 2063 osee.
1204 1996 1277 2080 403
1291 2003 1378 2087 Jup-

178 2106 264 2190 piter
287 2125 307 2172 a
328 2109 480 2190 proxima
506 2109 753 2174 occidentaliori
770 2110 851 2173 min.
870 2107 901 2173 6.
924 2107 1155 2191 Magnitudine
1167 2117 1280 2179 erant
1310 2115 1381 2181 lere

179 2218 334 2299 aequales:
353 2220 534 2302 proximior
550 2220 626 2285 lovi
643 2220 778 2304 reliquis
795 2218 896 2302 paulo
919 2219 1029 2284 minor
1052 2217 1247 2300 apparebat.
1283 2223 1380 2290 Hora

179 2333 290 2395 autem
304 2334 453 2416 septima,
468 2332 643 2398 orientales
654 2332 762 2399 Stellae
775 2331 941 2396 distabant
951 2335 1084 2395 tantum
1097 2327 1214 2392 mino
1231 2347 1309 2397 sec.
1322 2332 1380 2400 3⁰:

176 2440 324 2527 luppiter
338 2445 379 2510 ab
394 2443 548 2511 orientali
565 2444 720 2510 viciniori
738 2444 851 2507 aberat
867 2445 947 2507 mio.
963 2441 1001 2518 2,
1016 2441 1058 2505 ab
1072 2437 1283 2507 occidentali
1296 2462 1382 2511 vero

181 2629 261 2716 on
601 2586 1031 2788 mQaa
1254 2631 1376 2727 Q.

179 2864 330 2943 aequente
349 2859 427 2923 min.
456 2856 492 2934 l;
522 2858 594 2924 lunc
625 2875 706 2923 vero
736 2857 778 2920 ab
791 2858 1041 2924 occidentaliori
1060 2858 1204 2924 distabat
1222 2862 1316 2927 min.
1339 2860 1377 2930 3:

178 2977 336 3056 orantque
354 2970 496 3052 arquatae
513 2986 641 3045 limnas,
652 2974 684 3034 et
696 2969 730 3032 in
743 2968 856 3034 eadem
868 2974 960 3035 reeta
971 2970 1151 3036 secundum
1163 2968 1378 3055 Eeliptioam

178 3087 330 3145 ortonam.

266 3188 324 3251 lito
341 3190 471 3271 rrulrito,
489 3187 615 3257 Crnluru
635 3189 697 3255 lull
714 3189 913 3256 nubilosum

266 3296 324 3361 llio
356 3304 464 3373 mixta.
493 3300 566 3367 «luzo
598 3299 804 3365 solummodo
829 3304 1056 3382 apparuerunt
1074 3299 1181 3364 Stella
1213 3301 1378 3370 medium

177 3408 292 3473 trivero
312 3408 569 3493 littoreipleutoo,
587 3420 624 3479 ut
644 3412 676 3476 in
696 3413 802 3492 tlgura
821 3411 970 3493 apposita
989 3414 1169 3492 spectatur:
1189 3408 1378 3480 orientalis

180 3607 258 3695 m
597 3565 804 3771 a&
929 3606 972 3689 a
1249 3604 1371 3702 Qu

178 3856 196 3901 a
214 3838 449 3905 leivsiallnlalmt
467 3844 545 3907 ruln.
563 3842 595 3921 ⁴2,
612 3844 826 3911 ooeirlontalla
840 3859 921 3908 voro
934 3841 1015 3907 mio.
1033 3837 1069 3905 3:
1086 3845 1180 3906 eraut
1195 3841 1229 3903 in
1243 3843 1373 3914 eadem

178 3958 265 4015 reato
284 3968 359 4015 ceram
381 3950 476 4025 tario,
494 3958 525 4015 rt
545 3956 770 4033 ittourttturliuo
789 3970 893 4039 roaros.

265 4060 322 4125 lito
340 4062 487 4145 oriolium,
505 4062 577 4127 stou
597 4064 769 4129 arlrlalmut
789 4068 897 4131 motta
913 4064 1029 4132 ullive
1048 4062 1222 4131 orientales
1241 4061 1370 4143 ambare,

182 4264 258 4347 or.
635 4266 662 4331 a
705 4216 872 4403 abs)
1247 4257 1363 4351 Oce.
