3096 5154
503 338 543 386 ote
567 336 771 386 enanounms
794 337 824 383 m
847 335 927 383 onon
951 333 1039 380 euna
1293 311 1359 381 327

183 476 443 544 illuminationem
461 475 530 556 ejus
547 493 569 540 a
587 475 648 540 sole
666 491 730 537 esse
749 471 921 536 secundum
938 470 1021 553 quod
1038 469 1228 533 luminosum
1243 468 1363 536 illumi-

180 597 278 652 natur
290 603 350 668 per
364 603 411 660 se,-
426 593 456 650 et
471 603 545 650 oum
559 587 606 650 ita
619 585 670 658 sit,
684 585 752 666 fieri
764 584 905 664 primum
919 582 1107 645 luminosam
1120 597 1142 644 a
1156 576 1237 654 Sole,
1252 581 1361 646 deinde

175 697 340 780 provenire
362 695 403 759 ab
432 714 472 760 ea
502 695 620 768 lumen,
640 693 902 776 quemadmodum
916 693 1062 773 prouenit
1088 690 1129 755 ab
1158 692 1230 754 aliis
1252 691 1361 767 stellis,

178 807 293 873 scilieet
310 813 347 869 ut
365 805 405 868 ab
423 806 510 870 omni
528 812 647 886 puncto
675 803 744 883 ejus
774 811 890 867 exeant
912 801 996 866 radii
1023 802 1151 884 infiniti.
1168 799 1226 864 Em
1249 799 1362 882 quibus

179 917 359 990 deducitur,
376 916 475 996 quod,
498 915 526 978 si
547 911 643 976 Luna
668 915 811 995 primum
839 911 1040 975 illuminatur
1058 928 1079 973 a
1097 907 1184 986 Sole,
1207 917 1364 992 quotenus

180 1025 372 1090 luminosum
389 1023 589 1088 illuminatur
603 1040 662 1104 per
679 1039 727 1096 se,
749 1039 787 1087 ac
805 1021 946 1100 deinceps
968 1021 1111 1099 prouenit
1135 1018 1175 1084 alr
1198 1037 1236 1083 ea
1259 1021 1365 1084 lumen

180 1145 217 1201 ut
242 1136 389 1218 prooemii
418 1133 459 1197 ab
486 1132 557 1196 aliis
587 1131 700 1195 stellis:
727 1130 812 1212 qaod
829 1129 923 1193 Luna
937 1131 1041 1212 primo
1058 1129 1169 1210 recipit
1188 1128 1309 1201 lumen,
1328 1135 1365 1192 ut

180 1245 356 1326 diapnano;
373 1243 513 1324 deinceps
531 1260 618 1316 uero,
634 1260 693 1323 per
710 1259 742 1303 se
766 1240 887 1312 lucens,
916 1238 1076 1302 illuminat
1103 1237 1237 1318 reliqua.
1272 1234 1366 1313 Quod

181 1363 290 1420 autem
306 1352 402 1418 Luna
417 1352 540 1416 nonsit
556 1351 737 1434 simpliciter
755 1350 929 1431 diapnana,
948 1349 1001 1412 sed
1019 1350 1113 1412 eliam
1131 1366 1243 1428 opaca,
1267 1367 1307 1412 em
1330 1367 1366 1413 eo

177 1472 279 1545 patet,
299 1463 394 1544 quod,
414 1464 557 1545 quamvis
575 1479 695 1543 semper
712 1460 885 1524 secundum
895 1459 1057 1522 dimidiam
1068 1459 1120 1521 sui
1126 1456 1365 1539 partemaSole

182 1573 224 1637 sit
241 1570 415 1645 illeutrata,
435 1579 540 1636 tanuen
558 1571 732 1635 seeundum
749 1569 883 1633 alteram
909 1569 1070 1632 mmmmm
1095 1577 1221 1649 partem
1247 1587 1368 1654 semper

183 1697 282 1763 opaca
312 1682 472 1756 cernitur;
490 1701 573 1764 qua,
592 1682 753 1763 quamuis,
772 1688 808 1744 ut
823 1679 978 1753 dicimus,
996 1679 1168 1760 aliquando
1187 1678 1290 1743 lucem
1302 1679 1367 1744 ali-

183 1807 281 1872 quam
293 1791 478 1873 praeeperat
489 1790 505 1876 (
508 1798 732 1873 arqumentum
743 1773 879 1869 alicujus
888 1789 1120 1870 perspicuitatis
1122 1787 1155 1873 ),·
1168 1796 1274 1852 tamen
1283 1788 1369 1853 illam

185 1899 296 1974 lucem,
315 1901 372 1965 oia
388 1901 541 1982 cuiquam
558 1910 587 1966 et
604 1899 811 1975 tenebrosam,
823 1899 973 1964 ostendit:
985 1907 1209 1980 arqumentum
1218 1900 1368 1964 admirata

182 2012 359 2095 opacitatis,
377 2028 475 2093 quam
494 2011 601 2074 lumen
619 2013 722 2092 ipsum
739 2011 868 2074 omnino
884 2008 1053 2091 pervadere
1079 2027 1144 2073 non
1170 2010 1278 2090 possit.
1307 2006 1368 2073 His

184 2129 292 2186 autem
318 2122 365 2185 ita
390 2121 556 2202 suppositis
586 2129 614 2184 et
636 2119 800 2201 probatis,
817 2120 906 2184 aliud
923 2121 1050 2183 tertium
1067 2135 1222 2201 suppono:
1240 2118 1369 2193 seilicet,

186 2229 272 2310 quod
288 2230 456 2312 manifesta
473 2229 653 2312 differentia
669 2230 816 2294 luminosi
834 2238 863 2292 et
880 2231 970 2310 opaci
987 2230 1023 2292 in
1040 2227 1136 2293 Luna
1149 2232 1311 2311 reperitur
1320 2247 1371 2294 se·

187 2335 329 2401 eundum
345 2340 534 2437 superficiem
552 2337 652 2402 Luna
672 2346 811 2413 tantum,
830 2347 859 2403 et
876 2339 1056 2421 aliqualiter
1072 2341 1185 2414 etiam,
1206 2339 1370 2424 (utsupra

187 2446 307 2511 dietum
320 2447 402 2530 suit)
417 2447 587 2513 mcundum
604 2448 829 2532 superficialem
847 2450 1033 2522 crassitiem,
1054 2467 1121 2512 non
1137 2456 1246 2511 autem
1256 2467 1371 2515 seeun-

186 2555 262 2621 dum
281 2557 426 2621 inte'mam
444 2565 474 2621 et
488 2558 692 2641 profundam.
716 2555 822 2633 Quam
839 2559 1026 2623 sententiam
1044 2560 1156 2623 statuit
1175 2555 1289 2623 Aoerr.
1307 2559 1371 2624 loco

185 2668 291 2742 citato,
311 2665 367 2730 udi
384 2669 480 2731 etiam
497 2668 667 2733 declaravit
686 2669 764 2752 quid
781 2669 822 2733 sit
840 2686 973 2759 opaeum
990 2675 1020 2732 et
1043 2668 1182 2733 lucidum
1204 2670 1240 2732 in
1260 2666 1370 2742 Luna,

185 2779 232 2843 llis
250 2777 369 2844 cndu:
390 2799 408 2838 u
427 2774 473 2841 tn
491 2779 566 2842 dieti
584 2787 660 2843 sunt
678 2780 714 2842 in
733 2779 828 2860 nujus
847 2795 924 2842 oasu
939 2777 1139 2860 quamplures
1153 2796 1325 2850 sermones,
1340 2785 1370 2841 et

187 2889 337 2952 »rectior
354 2895 416 2962 est,
434 2888 519 2969 quod
535 2889 576 2952 sit
593 2887 703 2970 aliqua
719 2905 793 2969 pars
812 2890 848 2953 in
865 2890 1025 2972 superficie
1039 2886 1155 2961 Luna,
1168 2891 1214 2953 ita
1226 2887 1371 2971 quodilla

190 3019 208 3057 »
221 3015 299 3080 pars
318 2997 386 3078 ejus
404 3016 470 3063 non
488 2998 596 3079 recipit
617 2998 722 3061 lumen
739 2995 859 3070 aSole,
875 2997 1049 3060 secundnm
1062 2997 1189 3060 modum
1202 2995 1372 3077 recipiendi

191 3105 367 3172 saffiram
380 3110 541 3191 partium.-
558 3116 588 3172 et
605 3110 662 3172 noe
682 3126 746 3172 non
764 3116 809 3170 est
824 3107 1017 3189 pronibitum
1032 3123 1055 3169 a
1076 3105 1259 3187 corporibus
1281 3104 1373 3169 eale·

191 3238 210 3276 n
229 3215 343 3290 stillae
353 3219 522 3299 quoniam,
536 3220 631 3282 sicuti
650 3220 686 3281 in
700 3219 745 3282 eis
764 3218 926 3281 invenitur
945 3215 1136 3279 luminosum
1148 3215 1257 3296 aliqum
1270 3213 1370 3289 modo,

191 3349 210 3388 o
229 3327 277 3390 ita
292 3325 472 3402 alesmum,
491 3336 527 3392 ut
544 3327 656 3393 Luna:
675 3328 758 3392 unde
777 3327 853 3390 dicit
875 3323 1056 3391 Arisloteles
1072 3326 1108 3388 in
1127 3323 1178 3389 lto.
1193 3323 1231 3387 de
1244 3324 1374 3388 anima·

191 3458 208 3498 n
228 3435 324 3511 lidus,
342 3438 426 3520 quod
442 3446 562 3503 natura
579 3437 679 3503 Luna
698 3437 809 3503 similis
828 3445 872 3500 est
891 3443 1018 3499 natura
1033 3433 1179 3499 Terra.»
1195 3432 1255 3498 ldis
1266 3442 1374 3498 autem

188 3549 369 3631 suppositis,
389 3567 454 3613 non
471 3550 530 3612 erit
542 3549 675 3630 putasse
694 3545 878 3630 impossibile
893 3545 1009 3627 alteque
1029 3544 1186 3609 nantibus
1201 3552 1231 3607 et
1245 3542 1374 3608 cannal-

188 3657 268 3723 liltus
285 3659 394 3722 omnia
410 3657 573 3725 obseruata
590 3662 625 3723 in
644 3657 740 3723 Luna
751 3660 958 3741 plcanomena
976 3656 1199 3720 demonstrare.
1214 3651 1259 3718 Et
1269 3654 1374 3736 primo

184 3768 343 3849 primum:
360 3763 455 3830 Luna
470 3768 584 3832 scilieet
598 3770 634 3833 in
647 3770 754 3850 prima
772 3767 973 3850 quadratura
987 3766 1105 3830 lumine
1118 3763 1273 3846 lulqente,
1290 3765 1374 3829 linea

190 3877 387 3944 oouurme'ma
414 3894 507 3959 opaco
535 3888 564 3942 et
594 3881 691 3952 claro,
710 3896 775 3960 qua
794 3886 964 3958 utrmnque
982 3875 1187 3946 discernitur,
1204 3872 1373 3954 inaqualis

190 3986 375 4053 olteeromm
391 4004 429 4051 ao
447 3987 552 4052 multis
570 3988 704 4053 sinubus
723 3997 751 4051 et
769 3987 989 4069 prominentiis
1007 3985 1171 4056 distincta,
1195 3990 1231 4046 ut
1250 3983 1375 4066 perspi·

191 4096 259 4162 eillo
268 4096 506 4163 alternantibus
514 4107 611 4180 patet:
623 4101 695 4164 atsi
708 4097 806 4163 Luna
818 4097 995 4179 superficies
1009 4094 1093 4159 lavis
1106 4102 1183 4158 esset
1194 4101 1223 4157 et
1234 4095 1374 4176 aqualis,

190 4209 319 4275 omnino
335 4217 421 4274 recta
438 4217 467 4272 et
482 4209 643 4291 aquatilis
660 4210 834 4282 uideretur,·
849 4225 922 4288 erqo
939 4204 1039 4270 Luna
1057 4205 1232 4288 superficies
1248 4222 1313 4268 non
1329 4210 1374 4267 est

190 4319 334 4402 aqualis,
359 4319 417 4387 red
444 4338 557 4403 aspera
582 4330 610 4386 et
632 4330 808 4386 montuosa.
825 4316 1022 4401 Respondeo:
1036 4318 1091 4381 ltoc
1105 4333 1191 4399 posse
1205 4315 1372 4398 provenire

191 4429 427 4501 eadioersimle
445 4435 585 4515 partium
604 4433 807 4498 existentium
832 4431 867 4492 in
895 4430 1053 4513 seeprrficie
1083 4426 1197 4502 Luna,
1228 4421 1371 4507 quamvis
