3096 5154
501 345 540 392 llll
563 341 767 393 rnssnoullltlt
789 340 818 388 tlt
830 339 921 389 ,ORBE
932 335 1031 387 ‚latet

695 625 770 693 Car.
793 625 832 690 V.

177 825 276 889 coma
292 822 466 904 arriguntur
480 838 602 897 eorum,
616 839 701 916 qun,
717 838 790 884 cum
804 821 892 902 ignea
904 837 964 882 non
981 819 1051 893 sint,
1064 823 1168 881 tamen
1181 819 1356 881 intenebris

356 926 484 1007 fulgent,
499 931 530 987 et
545 923 691 1004 propositi
707 923 904 1004 problematis
916 921 1027 985 solutio
1043 920 1180 984 affertur.

273 1139 352 1204 Cum
369 1142 406 1204 in
425 1138 557 1204 tenebris
573 1137 675 1203 muba
691 1138 848 1221 sulpeum,
868 1155 938 1218 pua
955 1154 1021 1201 non
1037 1145 1112 1200 runt
1130 1139 1241 1219 ipnea,
1258 1148 1294 1203 ut
1311 1140 1358 1204 ai-

183 1250 310 1315 ciutlela
322 1259 430 1316 uenter
440 1252 565 1334 infimae
575 1250 639 1313 rive
650 1249 763 1321 cautla,
776 1249 879 1330 capita
891 1255 920 1310 et
930 1250 1027 1328 tpinoe
1039 1249 1169 1328 piscium
1180 1266 1218 1313 ae
1228 1267 1359 1332 equam-

183 1379 257 1434 ma,
271 1361 484 1443 putrescentia
502 1359 647 1441 quadam
665 1359 766 1438 liqna,
783 1359 892 1440 (oapi,
907 1365 1119 1438 putrescentes
1137 1376 1229 1440 aqua
1247 1368 1276 1423 et
1294 1359 1360 1424 alia

184 1469 378 1550 aujmmaat,
397 1488 468 1552 pua
483 1469 612 1533 diuersa
630 1465 686 1552 (ut
703 1466 743 1530 ab
762 1469 853 1531 initia
871 1465 1029 1550 dicimur)
1044 1476 1118 1531 cunt
1133 1478 1273 1534 natura:
1287 1489 1361 1534 cum

179 1585 332 1660 praterea
349 1578 472 1659 aliqua,
492 1596 557 1642 non
573 1575 674 1641 colum
697 1576 836 1650 luceant,
858 1561 969 1640 oerum
991 1578 1085 1641 etiam
1113 1586 1235 1642 tantam
1263 1580 1362 1645 lucem

184 1689 341 1760 emittant,
360 1695 396 1750 ut
413 1687 551 1750 nucitum
567 1686 777 1749 attritionem
799 1685 992 1761 illuminent,
1014 1687 1271 1767 quemadmodum
1291 1690 1362 1772 selis

185 1797 281 1871 acuti,
300 1799 357 1879 qui
372 1816 438 1861 non
455 1797 544 1862 molo
559 1798 606 1860 ita
625 1795 727 1860 lucent
745 1804 781 1860 ut
794 1797 858 1859 sint
877 1797 1048 1877 conspicui,
1064 1817 1173 1862 uerum
1185 1802 1280 1864 etiam
1289 1810 1363 1864 tan-

186 1917 253 1972 tum
278 1909 427 1972 emittnnt
453 1906 623 1989 pulpum,
647 1914 683 1969 ut
705 1907 764 1988 ipsi
782 1906 909 1970 uideant
926 1914 954 1969 et
972 1924 1076 1972 murce
1090 1917 1245 1975 uertentur
1264 1908 1364 1994 (quod

181 2018 303 2100 pariter
323 2015 353 2080 Τ
350 2016 449 2081 iberia
470 2015 588 2080 Catari
606 2016 770 2096 contipiare
790 2025 942 2089 narrant,
954 2017 1011 2097 pui
1023 2024 1117 2080 noctu
1129 2021 1363 2102 euperpefaatur

187 2136 312 2192 tanturn
329 2126 456 2191 luminis
474 2125 516 2190 ab
529 2126 628 2190 aculis
640 2124 811 2199 emittebat,
826 2134 863 2188 ut
874 2127 982 2190 omnia
993 2144 1063 2208 pua
1074 2128 1110 2189 iu
1121 2125 1261 2191 cubiculo
1272 2136 1364 2191 erant

189 2244 483 2311 temeret3necnaa
500 2237 608 2309 etiam,
627 2244 700 2300 ante
723 2234 895 2309 Tiberium,
917 2235 992 2301 Caio
1012 2236 1132 2311 Mario,
1152 2238 1223 2318 pai,
1241 2238 1364 2319 sulpure

189 2348 231 2414 ab
247 2347 344 2413 oculu
361 2349 512 2424 micante,
528 2346 672 2412 rotellitee
690 2347 733 2412 aa
749 2350 853 2430 iprum
871 2348 1118 2432 interficientium
1136 2350 1244 2411 mittar
1262 2348 1365 2412 deter-

188 2457 291 2544 ruit).·
319 2476 441 2531 oerum,
469 2476 540 2522 eum
564 2459 677 2523 borum
693 2458 891 2538 einpulorum
903 2459 1073 2539 peculiaris
1092 2477 1190 2522 cauta
1207 2461 1366 2539 ocsipnari

189 2587 255 2634 non
267 2569 380 2650 partit,
397 2568 441 2632 aci
455 2586 554 2632 unam
573 2585 768 2633 communem
784 2575 813 2631 et
827 2567 1027 2650 adaquatum
1041 2586 1169 2632 caucam
1181 2586 1287 2632 censeo
1302 2587 1365 2631 esce

186 2678 250 2743 bara
268 2679 376 2742 omnia
392 2677 570 2759 reserenda,
590 2697 697 2760 nempe
715 2676 756 2742 aa
777 2694 847 2741 eam
872 2694 1093 2775 quamsrupra
1117 2679 1364 2759 acripnaoimur,

184 2789 437 2872 participatiaaie
454 2786 571 2852 scilieet
585 2788 669 2852 illiue
687 2787 885 2861 substantia,
902 2806 958 2869 per
974 2806 1006 2852 re
1026 2787 1149 2861 tanae,
1167 2790 1307 2853 alberea
1328 2805 1366 2850 ac

187 2897 329 2972 oubrtu,
347 2915 445 2979 puam
458 2916 519 2980 per
535 2899 643 2962 omnia
660 2896 808 2980 diffusam
825 2915 902 2972 eece,
922 2916 1034 2980 supra,
1052 2896 1230 2962 Arirtmetir
1258 2908 1367 2962 aucta-

188 3008 296 3081 ritate,
311 3008 468 3081 diximum
478 3015 537 3072 aut
554 3008 668 3088 ipneoe,
680 3009 716 3070 in
726 3025 791 3089 pua
804 3006 979 3089 plurimum
998 3007 1081 3072 illiue
1094 3007 1206 3072 lueida
1220 3008 1368 3071 cubitan-

192 3117 244 3182 tia
255 3119 408 3184 contineri
418 3128 491 3183 ante
503 3119 797 3193 clemonetraoimue,
808 3127 865 3182 aut
883 3121 1004 3184 ratione
1024 3118 1198 3199 mumque.
1217 3114 1368 3180 Scaeam

192 3228 274 3292 liano
300 3227 510 3293 emittentium
530 3247 585 3310 per
604 3237 719 3292 cuncta
736 3247 866 3310 corpora
883 3229 1032 3312 diffusam
1048 3246 1111 3292 etse
1129 3245 1228 3310 cupra
1246 3228 1369 3292 diacri-

191 3355 278 3412 mur,
296 3336 457 3420 tamquam
474 3346 510 3403 ut
529 3338 583 3402 tali
600 3338 655 3403 illa
672 3340 784 3404 coeleui
800 3339 950 3422 facultate
970 3339 1136 3421 maribam
1164 3356 1229 3420 qua
1255 3345 1369 3402 cuneta

191 3448 229 3511 in
248 3464 308 3513 ruo
335 3465 399 3512 eree
428 3456 614 3522 seruanturr
631 3467 691 3514 cur
707 3452 813 3513 omnia
828 3468 892 3513 non
911 3450 1033 3512 lucent?
1050 3447 1102 3512 Aa
1116 3467 1214 3530 auam
1227 3447 1370 3530 partula-

189 3558 308 3622 tiaaem
323 3556 469 3632 (licinum
489 3558 586 3639 liujus
605 3558 733 3622 cebetis
752 3546 1065 3650 substantia-nima
1086 3558 1282 3641 facultatem,
1305 3576 1370 3620 non

189 3685 291 3732 unam
308 3685 387 3742 erre,
404 3668 458 3732 cett
470 3670 613 3751 potentia
629 3670 844 3750 multiplicem,
863 3687 932 3752 qua
951 3671 987 3732 in
1004 3671 1102 3733 uomit
1118 3667 1296 3750 corporibus
1312 3685 1370 3731 oa-

188 3781 239 3843 ria
268 3786 363 3860 atpue
392 3778 556 3861 multiplici
584 3779 673 3842 moria
698 3781 877 3854 innotescit,
904 3779 1059 3842 mediante
1086 3786 1173 3842 matu
1195 3787 1224 3840 et
1243 3777 1371 3840 lumine.

193 3884 303 3963 Quare
321 3887 509 3969 quttmaom
527 3889 659 3953 calorem
677 3890 870 3970 impertitur,
889 3898 918 3952 rt
933 3907 997 3952 non
1016 3888 1134 3960 lumen,
1157 3904 1227 3968 pua
1250 3895 1371 3949 natura

189 4016 250 4062 cua
268 4007 371 4064 terrea
388 4007 464 4063 runt
482 4008 511 4062 et
528 4001 695 4063 minimum
713 4001 837 4063 otberti
856 4008 949 4080 atque
965 3999 1123 4080 perspicui
1141 3997 1277 4078 corporis
1291 4013 1372 4077 par-

191 4108 337 4189 tiaipant,·
351 4108 541 4190 quibusdam
559 4117 665 4173 autem
685 4109 804 4182 lumen,
823 4117 853 4172 et
870 4126 935 4173 non
953 4107 1099 4180 calorem,
1115 4125 1185 4189 pua
1196 4107 1372 4189 plurimum

189 4215 272 4281 itliur
283 4217 436 4301 liapbani
446 4227 542 4302 atque
554 4219 681 4284 rutectis
694 4219 824 4302 spirituc
836 4217 960 4292 labent,
970 4218 1146 4300 cujucmotti
1157 4235 1220 4281 ecre
1231 4218 1370 4281 vitiemur

191 4329 298 4392 omnia
317 4329 511 4412 supradicta.
533 4327 617 4394 Nam
639 4339 668 4394 et
686 4331 721 4394 in
739 4327 894 4393 cicindelae
920 4336 1042 4401 uentre,
1063 4329 1118 4410 qui
1148 4328 1240 4402 lucet,
1258 4329 1372 4390 lumar

193 4442 238 4497 ert
254 4437 431 4516 perlucidur
449 4448 479 4504 et
498 4441 595 4504 multa
614 4441 669 4504 loc
688 4441 816 4505 otberto
833 4439 948 4525 spiritu
960 4438 1100 4528 repletur
1124 4438 1288 4524 (inditium
1311 4445 1370 4507 cst,
