3096 5154
583 340 810 390 ramososreos
832 340 961 389 ruscius
1325 327 1368 391 ee

183 485 245 548 diis
268 480 431 545 solaribus
460 480 684 554 illuminatus,
711 481 830 544 lunare
858 497 980 563 eorpus
998 482 1060 546 sub
1079 481 1214 562 maioris
1230 483 1366 563 spherae

180 593 321 675 speeiem
349 590 457 656 reddit
487 593 782 674 representatque:
810 597 961 674 essetque
989 570 1077 676 potis
1094 593 1203 657 aciem
1219 598 1367 657 nostram

179 704 368 779 terminare,
385 697 619 784 quominns'ad
632 700 735 767 bone
753 703 954 769 soliditatem
969 706 1185 788 pertingeret,
1202 703 1230 767 si
1245 706 1367 769 erassi-

178 816 241 880 ties
256 812 328 896 eius
344 810 430 878 foret
447 812 656 894 profundior;
685 816 785 895 atque
812 815 1008 896 profundior
1035 814 1170 897 quidem
1198 819 1248 879 est
1275 813 1366 878 eirea

178 927 281 993 lune
308 922 548 1006 periphertam:
577 921 790 1005 profundior,
808 925 961 1006 inquam,
977 942 1047 990 non
1064 926 1232 1000 absolute,
1249 923 1305 988 sed
1324 923 1367 987 ad

179 1038 291 1102 radios
305 1038 451 1109 nostros,
468 1033 600 1116 oblique
615 1034 711 1100 illum
725 1041 891 1112 meantes,
903 1036 1042 1112 relatum
1053 1053 1094 1100 ae
1103 1035 1245 1119 proinde
1255 1035 1366 1101 visum

179 1153 330 1214 nostrum
348 1146 495 1211 inhibere
512 1150 633 1228 potest,
652 1162 692 1210 ao
709 1146 892 1228 presertim
910 1149 1096 1215 luminosus
1117 1149 1277 1225 existens,
1296 1147 1366 1213 Lu-

178 1275 297 1343 naeque
325 1259 545 1341 peripberlam
573 1254 640 1324 Soli
669 1259 854 1341 expositam
884 1261 1048 1342 obtegere.
1070 1258 1168 1338 Quod
1190 1260 1315 1324 elarius
1333 1259 1368 1323 in

182 1373 330 1455 appositu
348 1370 457 1454 ligura
471 1369 667 1452 intelligitur
686 1364 783 1455 (Tab.
802 1368 832 1434 ll
851 1369 921 1454 Εἰς.
941 1368 989 1457 l),
1009 1372 1044 1435 fn
1058 1387 1125 1452 qna
1141 1371 1258 1436 lunare
1287 1386 1365 1434 eor-

179 1498 243 1566 pus
259 1479 352 1558 sed,
362 1484 406 1546 ab
415 1482 495 1547 orbe
512 1480 919 1563 vaporoaooireumdatur
933 1479 1310 1546 numentanorum
1324 1478 1362 1542 F:

181 1593 223 1658 ed
240 1600 351 1676 partes
369 1591 583 1659 intermedias
599 1591 714 1667 Lunte,
730 1597 769 1658 ut
786 1589 829 1657 ad
844 1593 889 1668 A,
902 1591 1062 1674 pertingit
1075 1606 1135 1672 per
1153 1606 1294 1672 sapores
1311 1589 1369 1653 bs

178 1705 291 1771 minus
303 1703 499 1787 profundos:
518 1709 554 1768 at
570 1718 688 1768 versus
704 1707 889 1769 extremam
905 1716 1016 1777 oram,
1035 1700 1291 1783 profundiorum
1308 1717 1370 1762 eo·

179 1817 235 1900 pin
253 1832 416 1898 raporum
431 1814 486 1879 ΕΒ
504 1818 675 1896 aspertum
692 1817 844 1878 nostrum
860 1828 923 1878 suo
940 1812 1084 1877 termino
1105 1808 1292 1892 praeludit.
1315 1807 1369 1872 Si·

180 1944 283 2010 gnnm
308 1926 409 2010 bolus
436 1931 503 2001 est,
530 1925 620 2007 quod
650 1940 727 2007 pars
754 1922 856 1988 Leno
886 1924 1011 1988 lumine
1038 1920 1172 2004 perfusa
1199 1919 1371 2001 amplioris
1413 1975 1416 1981 .

178 2036 454 2102 uireumterentie
473 2041 624 2119 apparet,
641 2052 743 2117 quam
760 2036 925 2116 reliquum
948 2034 1039 2098 orbis
1060 2031 1243 2097 tenebrosi:
1266 2035 1368 2111 atque

179 2147 266 2210 hane
277 2147 427 2210 eamdem
433 2147 738 2229 eaummqmsptam
749 2147 833 2211 forte
843 2144 1074 2211 rationabilem
1084 2140 1370 2216 existimabiteur

179 2255 324 2336 majores
338 2255 440 2319 Lunae
457 2258 599 2321 maoulae
616 2257 709 2322 nulla
727 2273 770 2321 ex
787 2261 882 2338 parte
900 2255 943 2320 ad
960 2261 1147 2321 extremum
1165 2269 1272 2334 usque
1294 2268 1370 2315 am-

179 2364 288 2429 bitum
305 2364 458 2446 protendi
476 2367 740 2446 conspiciantur,
756 2383 835 2430 eum
851 2371 964 2430 tamen
989 2365 1157 2446 opinabile
1186 2365 1230 2428 sit
1258 2363 1370 2428 nullas

179 2475 281 2538 etium
296 2475 388 2539 eirea
406 2475 502 2540 illum
520 2475 668 2557 reperis-b
686 2475 919 2558 inconspicuas
935 2481 1049 2540 tamen
1065 2473 1302 2539 esseeredibile
1319 2472 1373 2536 vi·

181 2584 279 2649 detur
295 2600 339 2648 ex
357 2601 414 2661 eo,
432 2584 520 2667 quod
539 2586 600 2650 sub
616 2584 823 2666 profundiori
847 2602 887 2651 ae
905 2586 1060 2652 lucidiori
1089 2599 1253 2667 vaporum
1271 2581 1370 2663 eopia
1512 2625 1513 2628 ,

183 2696 440 2762 abscondantur.

198 2832 199 2835 ¹
267 2807 347 2872 Esse
370 2805 474 2889 igitur
503 2802 678 2871 elariorem
700 2806 802 2872 Lnnae
821 2807 1030 2890 superficiem
1058 2807 1247 2872 tumoribus
1268 2809 1371 2887 atque

181 2917 311 2982 lacunis
324 2917 545 2999 undequaque
559 2932 784 2999 conspersam,
802 2918 932 3000 exiam
953 2917 1128 3000 explicatis
1150 2916 1370 2998 apparitioni-

179 3029 242 3092 bus
259 3027 340 3090 satis
362 3031 515 3107 apertum
533 3040 604 3091 esse
622 3042 706 3091 reor.
726 3027 881 3109 Superest
895 3033 933 3092 ut
949 3028 997 3090 de
1014 3027 1148 3091 illorum
1165 3025 1372 3106 magnitudi-

180 3136 280 3200 nibus
308 3135 474 3211 dieamus,
498 3135 760 3202 demonstrantes
786 3143 956 3202 terrestres
986 3137 1180 3219 asperitates
1199 3137 1374 3203 lunaribus

181 3261 252 3310 esse
271 3245 368 3327 longe
386 3246 546 3312 minores:
563 3250 723 3325 minores,
737 3249 890 3330 inquam,
905 3250 1007 3314 etiam
1022 3249 1173 3316 absolute
1188 3249 1368 3332 loquendo,

176 3375 243 3424 non
255 3363 367 3424 autem
377 3359 412 3423 in
426 3361 556 3447 ratione
574 3365 706 3426 tantum
717 3360 759 3424 ad
770 3377 909 3426 suorum
920 3360 1095 3443 globorum
1108 3359 1370 3442 magnitudinem

181 3471 280 3552 idque
298 3469 346 3533 sio
361 3471 535 3536 manifeste
550 3472 750 3536 declaratur.

270 3577 353 3644 Cum
379 3581 500 3663 sepius
524 3599 545 3646 a
567 3599 622 3646 me
641 3583 853 3647 observatum
877 3583 919 3648 sit
941 3584 976 3648 in
994 3584 1069 3649 aliis
1089 3588 1189 3665 atque
1208 3583 1284 3647 aliis
1303 3581 1374 3646 Lu·

181 3707 233 3755 nte
253 3691 296 3754 ad
314 3689 425 3756 Solem
441 3695 750 3769 constitutionibus,
769 3694 911 3759 vertices
927 3695 1108 3760 nonnullos
1117 3695 1205 3759 intra
1216 3694 1372 3759 tenebro-

181 3818 253 3866 sam
272 3801 375 3866 Lunae
393 3808 536 3884 partem,
556 3804 633 3868 lieet
652 3822 672 3868 a
690 3805 831 3870 termino
849 3807 934 3871 lueis
952 3805 1033 3870 satis
1055 3810 1215 3880 remotos,
1246 3801 1373 3867 lumine

180 3913 511 3994 perfusosapparere;
522 3915 823 3980 eonferenseorum
835 3917 1028 3981 distantiam
1039 3916 1257 3996 adintegram
1268 3911 1372 3976 Lnnte

180 4022 396 4099 diametrum,
409 4027 568 4106 cognovi,
587 4025 801 4091 interstitium
819 4025 883 4092 boe
901 4027 1098 4109 vigesimam
1112 4025 1282 4090 interdum
1296 4020 1372 4084 dia-

181 4135 278 4197 metri
295 4139 425 4215 partem
446 4150 612 4217 superare.
625 4134 699 4212 Quo
718 4143 866 4220 sumpto,
877 4136 1225 4221 intelligatnrlunaris
1246 4131 1377 4214 globus,

182 4237 280 4320 eujus
296 4239 465 4304 maximus
481 4238 629 4306 eireulus
646 4238 728 4306 dli
749 4237 760 4325 (
768 4242 847 4306 Tnb.
858 4241 899 4318 ΙΙ,
910 4241 983 4325 fig.
997 4240 1044 4329 ll)
1064 4245 1222 4305 centrum
1238 4249 1320 4300 vero
1335 4226 1380 4299 E,

183 4344 345 4413 diameter
362 4348 432 4425 ds,
454 4367 528 4432 quae
552 4350 595 4414 ad
612 4352 721 4417 Terre
739 4352 939 4420 diametrum
957 4359 1008 4419 est
1026 4358 1065 4418 ut
1084 4351 1154 4417 duo
1174 4348 1218 4411 ad
1237 4347 1379 4424 septem:

184 4473 325 4539 sumque
340 4463 505 4527 terrestris
523 4463 697 4541 diameter,
717 4465 898 4532 secundum
914 4467 1105 4530 exactiores
1118 4453 1385 4524 observationes,
