3096 5154
495 356 535 402 on
557 352 763 404 coenonesis
785 354 815 402 tn
837 352 917 403 once
940 354 1027 403 cunc
1287 338 1358 410 309

183 498 418 576 crpumentum,
438 492 522 572 quod
539 499 583 555 tot
601 490 735 562 soeculis,
747 491 834 554 nula
846 492 1007 555 bominum
1019 492 1177 565 memoria,
1189 494 1275 558 nulla
1286 515 1352 560 un-

180 622 277 686 quom
298 600 374 664 Caii
387 618 465 682 pars
483 601 608 686 deficere
626 603 695 666 uisa
711 603 775 665 est?
792 599 921 684 Semper
938 605 1021 665 enim
1038 611 1150 684 septem
1176 605 1249 667 cisa
1277 615 1353 670 sunt

178 713 285 786 stella,
305 730 377 795 qua
392 711 581 776 Plaustrum
597 710 776 793 efformant,
788 719 817 774 et
830 720 890 776 tres
908 713 944 774 in
963 711 1078 776 circulo
1092 710 1234 787 Orionis:
1256 733 1356 797 neque

178 822 243 886 ulla
261 837 414 902 umquam
433 820 556 902 defecit,
575 822 667 884 etsie
685 821 720 883 in
738 821 870 901 sinqulis
891 819 966 884 Coeli
983 823 1171 902 imaqinibas
1181 840 1300 905 semper
1309 832 1356 888 est

179 930 400 1004 obseruatum,
412 931 495 1012 quod
512 947 712 1012 nequaqnam
724 930 868 1012 possibile
887 939 976 1004 esset,
991 933 1019 994 si
1040 930 1157 995 Colum
1174 950 1211 997 ac
1229 933 1359 1015 reliquae

182 1041 258 1105 Caii
281 1049 389 1123 partes
421 1047 521 1103 essent
551 1040 775 1122 corruptibiles.
798 1037 889 1115 Quod
906 1042 934 1104 si
952 1059 1018 1104 ncn
1035 1049 1109 1105 sunt
1128 1043 1355 1126 corruptibiler,

181 1170 281 1233 neque
301 1159 377 1214 sunt
395 1149 601 1231 penerabilss:
625 1148 743 1214 Ordine
771 1151 856 1213 enirn
885 1158 1024 1224 natura,
1052 1168 1170 1233 semper
1197 1155 1359 1233 qeneratio

182 1261 281 1323 unius
310 1262 454 1341 supponit
483 1261 712 1341 corrttptiouem
730 1259 870 1324 alterius.
890 1257 997 1336 Quare
1016 1268 1091 1324 tunc
1107 1265 1265 1344 temporis,
1284 1281 1356 1328 cum

183 1371 262 1432 mibi
280 1369 412 1433 relatum
428 1371 492 1451 suit
506 1369 617 1433 ‘Bonna
631 1369 766 1451 aliquos,
785 1369 881 1435 multo
899 1371 1083 1435 auditorum
1103 1381 1272 1454 apparatu,
1291 1394 1358 1456 pu-

185 1479 259 1543 blice
274 1479 427 1553 docuisse,
445 1479 577 1553 stolum,
597 1498 667 1562 qua
678 1489 833 1561 postremo
851 1482 998 1562 apparuit
1015 1481 1051 1542 in
1074 1477 1262 1561 Sapittario,
1285 1502 1357 1548 cerr

182 1605 246 1652 esse
264 1588 401 1664 stellam·
414 1608 469 1672 eqo
486 1591 542 1656 boo
561 1589 622 1653 illis
640 1589 1222 1671 arqumentumsoloendumpraposui:
1234 1591 1357 1657 cistella

184 1702 247 1766 ltac
276 1719 347 1765 cere
375 1700 463 1765 stella
488 1709 547 1775 est,
576 1719 647 1784 qua
675 1703 797 1765 nouiter
814 1702 903 1783 capit
920 1717 984 1763 osse
1000 1699 1054 1784 (ut
1071 1701 1131 1782 ipsi
1148 1701 1304 1787 dicebaut)
1322 1705 1357 1766 in

183 1810 414 1884 Firmamento,
426 1819 484 1876 aut
496 1813 587 1894 coepit
601 1829 664 1875 erte
681 1811 769 1875 modo
786 1809 1022 1892 supernaturali
1038 1817 1067 1874 et
1081 1828 1141 1893 per
1158 1814 1359 1887 omeliam,

184 1929 240 1986 aut
261 1923 315 1986 oia
337 1921 482 1986 naturali
505 1930 534 1985 et
547 1940 607 2004 per
619 1922 866 2003 peneraticnrm,·
880 1938 945 1984 non
964 1922 1048 1985 enim
1062 1928 1161 2003 potest
1177 1921 1282 2003 aliquo
1297 1920 1359 1985 alic

183 2032 272 2097 mado
285 2049 335 2096 res
352 2031 419 2096 ulla
434 2032 571 2114 incipere
589 2049 668 2105 esse,
687 2050 757 2114 qua
775 2039 870 2095 antea
886 2049 951 2095 non
969 2039 1053 2095 erut:
1069 2038 1218 2095 neutrum
1227 2033 1361 2115 perips-

185 2148 258 2213 test,·
276 2159 349 2220 erpo
364 2147 449 2222 potet
468 2158 590 2222 conseq.
610 2140 677 2206 Hac
695 2143 779 2205 enim
793 2143 860 2225 fieri
878 2159 942 2205 non
957 2143 1059 2224 potuit
1078 2160 1136 2223 prr
1157 2142 1358 2215 creationem,

188 2267 275 2323 cum,
289 2267 331 2313 ec
346 2267 508 2316 sacrorum
532 2252 740 2332 tbecloporum
761 2253 931 2325 sententia,
960 2251 1046 2316 Deus
1071 2251 1111 2315 ab
1140 2253 1230 2316 initio
1255 2255 1361 2317 amnia

184 2359 320 2441 perfecte
338 2363 500 2435 creauerit,
519 2362 602 2426 inter
619 2379 689 2445 qua
714 2361 808 2426 Calos
827 2369 856 2424 et
874 2361 1000 2443 sydera,
1020 2364 1109 2425 utin
1133 2358 1246 2426 Genesi
1268 2361 1363 2425 babe-

189 2477 244 2532 tur
272 2465 424 2553 (pcriocti
452 2471 553 2552 igitur
582 2476 659 2536 sunt
688 2470 800 2536 toti...
823 2475 856 2535 et
878 2472 985 2534 omnis
1002 2476 1139 2536 ornatus
1156 2470 1308 2555 eorum);
1324 2489 1362 2534 ac

181 2585 360 2660 propterea,
379 2587 416 2642 ut
432 2579 545 2644 ibidem
563 2581 680 2644 dicitur
699 2579 879 2665 (requievit
896 2581 982 2647 nous
1000 2581 1053 2645 die
1071 2582 1209 2662 septimo
1224 2581 1264 2645 ab
1277 2582 1364 2644 omni

184 2705 283 2772 opero
300 2688 391 2770 quod
407 2689 591 2776 pulsaret),
609 2707 708 2772 neque
727 2707 813 2752 nunc
830 2689 951 2771 aliquid
967 2689 1057 2754 aliud
1084 2690 1120 2753 de
1150 2708 1229 2755 noco
1258 2707 1364 2754 creare

183 2784 376 2873 conceditur,
407 2801 471 2864 nisi
499 2802 655 2865 bumanas
673 2799 815 2872 animas:
831 2799 867 2863 de
890 2817 1028 2882 quarum
1046 2801 1202 2864 creatione
1220 2795 1255 2862 S.
1274 2796 1363 2861 Hier.

184 2911 302 2992 inquit,
322 2928 396 2974 eum
414 2910 515 2974 locum
537 2908 646 2975 laban.
663 2907 1013 2991 intettiptintiocnpet,
1027 2911 1083 2991 qui
1093 2909 1365 2975 aitePatermcus

185 3018 398 3100 usquemodo
408 3024 579 3102 operetur,
590 3024 623 3084 ot
633 3038 694 3103 eqo
705 3037 837 3103 operor:
850 3028 879 3084 et
890 3021 1034 3101 quamuis
1046 3017 1148 3089 Deus,
1166 3018 1260 3080 etiam
1277 3033 1364 3080 nunc

188 3134 218 3190 et
234 3143 368 3208 temper,
378 3129 479 3215 possit
497 3147 604 3195 creare
623 3147 716 3194 novas
737 3130 832 3195 Calos
851 3138 881 3194 et
898 3146 995 3193 nouas
1017 3126 1136 3199 stellas,
1166 3134 1270 3189 tanun
1298 3124 1365 3191 illos

189 3236 226 3301 de
253 3237 339 3318 sacta
354 3255 420 3303 non
436 3247 536 3313 creat,
555 3248 592 3304 ut
609 3243 708 3304 sacris
730 3239 889 3321 Tbeoloqis
904 3237 1018 3319 plocet,
1037 3252 1172 3316 quorum
1183 3235 1306 3317 judicio
1320 3243 1364 3298 est

188 3347 462 3428 acquiescendum:
479 3367 552 3430 erpo
567 3367 631 3414 nan
644 3351 749 3432 patuit
767 3351 830 3413 bac
849 3364 931 3411 nouo
948 3343 1035 3410 stella
1052 3346 1187 3428 incipere
1202 3363 1260 3428 prr
1273 3362 1364 3411 crea-

189 3458 315 3520 tionem.
332 3455 397 3522 Nec
413 3460 521 3523 minue
537 3476 596 3540 prr
613 3461 858 3541 uenerationem,
877 3464 907 3520 et
924 3458 977 3520 oia
995 3454 1153 3529 naturali,-
1170 3473 1242 3519 cum
1262 3457 1364 3520 omnis

185 3568 362 3648 qeneratic,
372 3576 409 3632 nt
418 3567 536 3632 dictum
553 3579 611 3645 est,
630 3578 784 3654 supponat
801 3569 1046 3652 corruptionem:
1064 3582 1177 3647 quare,
1195 3565 1223 3628 si
1241 3573 1365 3630 tantum

186 3685 216 3741 et
239 3685 305 3740 tam
326 3685 453 3743 costum
470 3696 595 3761 corpeus,
615 3691 772 3764 quantum
789 3666 833 3746 ‘ost
851 3679 939 3744 ctella
953 3679 1065 3761 prima
1083 3675 1311 3755 maqnitudinir
1330 3676 1365 3737 in

185 3795 297 3851 ootooo
323 3786 397 3852 orbe
425 3786 442 3873 (
444 3797 534 3854 tanta
549 3792 632 3855 enim
650 3792 826 3868 videbatur,
844 3810 914 3875 quoe
933 3789 1082 3873 apparuit
1100 3788 1136 3850 in
1158 3783 1364 3869 Sapittorio).

186 3897 272 3978 quod
288 3896 414 3978 quidem
432 3907 527 3964 totam
544 3898 676 3966 Terram
695 3904 863 3983 plusquam
892 3902 1005 3963 centies
1035 3905 1064 3960 et
1092 3898 1202 3978 septies
1231 3893 1365 3966 excedit,

153 4032 158 4039 ¹
187 4008 330 4086 penitam
356 4017 418 4082 eet:
446 4011 599 4092 quidnam
626 4013 724 4095 suerit
754 4021 848 4075 antea
877 4016 1074 4090 corruptum,
1094 4005 1179 4088 quod
1196 4003 1284 4069 nobit
1302 4021 1367 4068 non

186 4115 284 4195 suerit
301 4120 526 4202 monsterium?
542 4120 609 4185 Aut
627 4123 710 4185 enim
729 4121 817 4193 illud,
838 4138 878 4184 ec
896 4138 958 4201 quo
976 4120 1119 4202 penitam
1137 4123 1195 4189 est,
1213 4117 1278 4198 {uit
1296 4132 1368 4179 cor·

186 4245 245 4307 pus
261 4227 393 4312 clipuod
407 4230 578 4298 sublunore
598 4233 644 4317 (et
674 4236 728 4298 boc
757 4240 801 4296 est
831 4231 1030 4315 impossibile:
1060 4237 1142 4294 tatus
1169 4229 1254 4292 enim
1284 4223 1368 4289 orbis

188 4341 328 4406 omniurn
342 4341 565 4408 elementorum
583 4364 647 4409 non
665 4348 814 4428 sufficeret
832 4343 873 4408 ad
889 4345 1124 4427 qenerotionem
1148 4337 1288 4421 corporis
1304 4343 1369 4398 tant

189 4451 287 4524 baill:
302 4470 401 4533 quare
419 4457 605 4536 oportuisset
624 4464 721 4521 totum
740 4457 821 4520 buuc
852 4455 1033 4535 interiorem
1061 4450 1221 4516 meandum
1250 4445 1370 4524 contla-
