3096 5154
471 341 614 419 surmus
636 342 734 392 socca
756 341 937 390 scorastan
961 339 1072 387 cosmi
1303 315 1386 388 139Χι

180 485 302 552 sedibus
320 482 479 548 collocatos
497 487 642 552 aternet,
661 479 697 542 de
717 477 830 559 quibus
849 477 891 541 ad
909 495 965 541 nos
986 484 1051 540 tam
1064 475 1161 548 mira,
1182 483 1247 539 tam
1265 477 1368 560 inopi·

180 605 273 670 nata,
293 603 358 660 tam
371 593 521 659 inaudita
535 589 681 655 detulere.
696 585 759 652 Sed
774 605 830 652 nos
845 589 881 651 in
897 598 961 652 tam
975 587 1073 651 densa
1086 602 1195 650 rerum
1213 602 1369 650 novarum

179 715 292 789 repete,
311 705 431 769 catoris
449 699 595 767 omnibus
609 699 843 781 protermissis,
863 695 992 761 Lunam
1017 714 1118 760 unam
1135 695 1315 776 selepimus,
1333 697 1368 760 de

178 817 272 898 eujus
289 815 379 880 nocis
401 821 497 894 atquc
526 809 723 875 admirandis
749 809 962 891 pbanomenis
992 824 1109 880 unum,
1140 813 1198 870 aut
1219 807 1368 881 alterum,

178 925 401 992 mathematica
414 922 537 987 ratione
552 919 799 1002 ooneprobatum,
815 920 852 983 in
866 919 923 984 lroc
939 916 1129 981 nobilissimo
1143 934 1180 981 ac
1195 917 1370 981 doctissimo

179 1037 371 1120 Principum
394 1032 543 1098 Virorum
559 1049 597 1097 ac
616 1030 754 1097 Patrum
772 1048 935 1104 consessu,
955 1029 1189 1094 clustraremus.
1207 1027 1291 1094 Num
1309 1049 1371 1094 ca-

181 1156 255 1214 tero
273 1145 309 1209 de
327 1143 423 1209 Luna
441 1143 641 1226 questiones,
674 1141 751 1224 puta
779 1141 895 1206 scilieet
922 1149 1069 1214 ornetur,
1088 1159 1161 1204 cum
1176 1150 1370 1222 pernoctem

180 1256 323 1322 adductis
353 1253 501 1320 cornibus
531 1252 635 1318 lucida
661 1253 823 1318 radiorum
844 1254 905 1317 tela
922 1261 1073 1334 arpentea
1089 1244 1130 1316 ab
1147 1270 1228 1317 arcu
1245 1264 1371 1319 contor-

180 1375 272 1450 puetr
286 1365 362 1449 quid
374 1366 525 1441 minetur,
539 1380 611 1428 cum
621 1364 792 1428 innumera
805 1364 945 1428 siderum
958 1365 1089 1445 apmiua
1101 1363 1244 1438 ductans,
1254 1364 1371 1448 [abeto

182 1493 284 1541 curru
296 1493 354 1557 per
374 1473 449 1538 Coeli
468 1490 609 1539 convena
626 1473 825 1548 subvenitur:
855 1475 908 1538 cui
935 1474 1097 1557 speculum
1122 1475 1277 1556 probeat,
1298 1495 1371 1541 cum

174 1587 268 1671 pleno
285 1586 357 1651 orbe
375 1584 547 1650 Pbabcum
559 1583 660 1667 jubar
677 1587 809 1668 excipit,-
837 1603 897 1650 eur
924 1585 1027 1668 modo
1041 1604 1180 1667 pernam,
1208 1588 1298 1653 modo
1312 1607 1371 1670 per

179 1697 301 1780 aliquot
320 1705 446 1762 tanturn
472 1697 572 1762 noctis
602 1697 696 1764 boras
723 1696 860 1770 eluceat;
889 1713 948 1760 car
976 1692 1140 1778 repentino
1170 1696 1372 1761 tenebrarum

178 1808 301 1892 obiectu
318 1809 408 1874 modo
425 1809 639 1883 inhorrescat,
654 1806 745 1871 modo
763 1813 905 1888 ereptum
920 1805 1026 1870 lumen
1040 1807 1187 1888 recipiam
1204 1825 1263 1870 cur
1281 1807 1372 1870 deni-

180 1939 242 2004 pue
261 1922 317 1986 boc
334 1939 400 1985 uno
416 1937 537 2002 semper
564 1918 671 1983 eadem
698 1921 755 1992 sit,
783 1917 868 2000 quod
895 1934 1073 1998 nuntpuam
1089 1919 1132 1981 sit
1148 1917 1271 1981 eadem:
1290 1919 1367 1989 broc,

179 2039 211 2096 et
238 2041 387 2097 sexcenta
417 2029 585 2113 ejusmodi,
602 2028 680 2095 adeo
698 2047 780 2112 pene
804 2030 881 2093 trita
910 2037 940 2092 et
967 2029 1098 2110 culpata
1119 2028 1192 2109 jam
1220 2037 1311 2101 sant,
1334 2037 1371 2091 ut

181 2142 261 2205 nibil
278 2149 336 2204 aut
353 2142 427 2205 noni
450 2140 492 2204 ad
512 2139 762 2221 iucunditatem,
793 2146 851 2203 aut
878 2139 1032 2204 reconditi
1060 2140 1102 2203 ad
1129 2140 1371 2205 admirationem

180 2250 297 2333 afferre
327 2250 506 2314 rideantur.
536 2248 600 2314 Nos
628 2251 728 2332 ipitur
758 2268 823 2314 nou
850 2250 1018 2323 immerito,
1048 2268 1121 2314 cum
1149 2250 1206 2315 alii
1224 2250 1370 2317 Mediceis

182 2357 274 2431 Pilis,
292 2359 377 2441 [elici
396 2359 680 2438 consanpuinimtis
698 2358 812 2440 [adero
831 2377 904 2423 cum
923 2356 1075 2440 Ganzapa
1097 2358 1216 2442 Aquila
1234 2363 1371 2443 coniun-

181 2470 252 2546 ctis,
269 2485 365 2532 novos
379 2467 524 2550 planetas
542 2466 727 2544 dedicarint,
744 2486 799 2532 nos
818 2469 913 2532 etiam
930 2487 1045 2533 nocam
1055 2470 1136 2534 banc
1146 2469 1274 2534 Lunam
1284 2474 1379 2535 euci-'

176 2581 293 2663 pimus,
313 2595 411 2660 paam
428 2577 526 2640 eidem
536 2575 991 2672 Aquilaconseeraremussut
1011 2597 1067 2644 nec
1078 2597 1161 2644 nora
1171 2579 1251 2645 Pilis
1262 2578 1371 2655 Astra,

178 2707 236 2754 nec
253 2705 356 2753 noeirs
373 2683 498 2769 Aquila
509 2687 594 2753 orbis
605 2695 774 2768 arpenteus
786 2687 878 2761 desit,
897 2691 951 2753 cui
964 2688 1094 2772 china
1105 2692 1209 2756 instar
1225 2692 1371 2756 insideat.

179 2798 224 2864 Ac
241 2797 504 2882 quemadmodum
522 2798 586 2862 bac
605 2795 690 2862 Jooii
705 2796 852 2879 fulminis
868 2799 1018 2864 ministra
1035 2798 1199 2867 Jaoiorum
1211 2811 1372 2869 astrorum

178 2912 333 2993 em'puum
351 2908 458 2972 lumen
475 2910 512 2972 in
529 2908 635 2972 eodem
651 2907 804 2989 pentilitio
832 2917 1000 2978 stemmate¹
1010 2929 1076 2976 non
1092 2912 1293 2994 dedipnetur;
1310 2918 1369 2991 sic,

180 3025 305 3104 opinor,
324 3018 524 3102 dipnabitur,
543 3021 688 3100 quamuis
707 3021 743 3084 in
761 3019 906 3086 ardenles
917 3018 1003 3085 ¹Solis
1019 3022 1123 3087 radios
1137 3023 1264 3088 obtutus
1278 3029 1370 3108 fipere

181 3131 356 3204 consuevit,
386 3129 482 3192 etiam
510 3137 627 3194 nostro
655 3128 778 3206 Luna,
809 3133 878 3197 iicet
905 3133 1075 3208 minorem,
1103 3151 1125 3197 a
1151 3131 1222 3198 Sole
1251 3143 1368 3211 tamen,

182 3250 315 3307 acutum
330 3238 521 3321 splendorem
550 3244 702 3307 contueri.
728 3241 874 3326 Efficiam
901 3244 1005 3318 bodie,
1031 3245 1192 3326 aspirante
1214 3243 1389 3322 Numine,⁸

183 3360 220 3417 ut
232 3353 314 3417 itanc
325 3353 490 3417 volucrum
506 3350 680 3434 Rapinam,
699 3362 729 3418 et
746 3371 800 3419 cos
816 3355 938 3436 pariter
957 3362 1110 3437 quotquot
1120 3356 1244 3431 adestis,
1257 3357 1369 3422 doetis-

182 3465 257 3530 simi
278 3481 317 3528 ac
340 3461 524 3528 nobilissimi
551 3463 632 3539 Viri,
660 3465 702 3529 ad
723 3463 824 3529 Luna
844 3464 960 3546 jubar,
988 3471 1081 3548 qnasi
1108 3469 1151 3532 ad
1177 3478 1369 3534 nocturnum

183 3572 287 3641 Solem
299 3621 309 3652 ,
323 3573 419 3656 plara
445 3575 591 3652 videatis,
621 3595 718 3658 paam
745 3578 849 3642 cuteri
871 3578 907 3642 in
925 3577 1053 3641 meridie
1070 3577 1227 3643 ciderunt.
1245 3579 1368 3647 Montes

183 3688 283 3763 uobis,
303 3705 369 3752 non
385 3704 498 3752 aureos
517 3686 643 3769 quidem
661 3687 727 3752 illos
746 3687 934 3763 Persarum,
953 3695 991 3752 ut
1007 3696 1053 3752 est
1071 3690 1107 3752 in
1120 3688 1301 3771 proverbio,
1317 3691 1370 3752 sed

181 3807 346 3882 arpenteos
375 3799 411 3861 in
438 3795 533 3862 Luna
550 3797 740 3880 pollicemur.
770 3797 833 3864 Nec
851 3817 925 3863 aero
946 3798 1091 3879 sulcares
1115 3807 1211 3881 atque
1233 3802 1370 3881 imperiti

184 3913 337 3986 baninu,
355 3910 412 3992 qui
431 3926 513 3974 caea
531 3909 721 3990 ipnorantiae
746 3918 833 3974 nocte
861 3909 953 3974 obsiti
981 3911 1045 3974 bac
1074 3927 1137 3974 esse
1167 3911 1369 3974 delirantium

181 4028 438 4086 astronomorum
465 4019 589 4083 somnia
617 4017 819 4100 obparriunt,
848 4021 949 4101 mapis
976 4019 1125 4084 audiendi
1153 4029 1243 4095 sunt,
1272 4040 1369 4103 quam

184 4134 333 4197 nocturni
350 4148 468 4197 canum
484 4129 527 4194 ad
542 4128 670 4194 Lunam
688 4130 832 4194 latratus.
850 4129 979 4194 Interea
1002 4148 1073 4205 nor,
1103 4131 1369 4214 contemplationis

182 4241 243 4306 alis
260 4242 348 4322 elati,
366 4241 494 4307 Lunam
512 4239 600 4307 nobis
624 4239 775 4308 bodierna
792 4241 841 4306 die
859 4239 1084 4323 subjiciamus,
1103 4243 1138 4305 in
1156 4261 1238 4308 nera
1256 4243 1369 4308 nobili-

186 4352 260 4415 tatis
282 4363 310 4418 ct
338 4355 471 4436 inpenui
488 4355 616 4436 sianum
633 4351 762 4433 inpenii,
783 4370 849 4417 non
866 4370 955 4418 meus
972 4371 1010 4418 ac
1029 4354 1102 4418 olim
1118 4354 1204 4437 apud
1214 4352 1366 4426 Arcades,

185 4469 217 4526 et
225 4463 341 4543 priscos
353 4463 520 4542 Roneanos,
540 4464 662 4547 poneris
681 4463 873 4530 nobilitatem
891 4463 1028 4531 lunulati
1043 4468 1137 4533 eoleei
1151 4467 1367 4549 prodiderunt.
