3096 5154
174 251 216 315 72
580 252 811 303 asmoaosrcus
832 248 959 298 euscius

174 423 266 480 mem
295 416 363 482 qua
385 397 425 460 dc
450 413 487 459 re
505 395 611 459 insius
628 395 663 457 in
680 392 766 456 libro
782 390 823 455 de
841 388 1025 470 systemate
1043 382 1160 449 mnndi
1181 386 1387 465 pertracta-

175 518 294 581 bimus.
314 511 469 573 deserere
484 509 596 572 autem
617 503 784 569 evenere
811 499 1017 583 impertitam
1044 492 1214 578 eiusmodi
1244 494 1384 570 lucem,

1444 202 1451 257 l

175 622 303 709 puerile
322 619 406 684 adeo
425 624 492 695 est,
508 622 547 683 ut
564 615 774 699 responsione
792 614 836 680 sit
857 610 1040 692 indignum.
1061 605 1145 684 Oula
1164 605 1269 671 enirn
1296 606 1384 671 adeo
1446 598 1452 613 '

178 734 302 800 inscius
328 731 407 807 erit,
434 736 473 796 ut
500 744 568 793 non
596 726 775 808 intelligat,
802 724 895 788 circa
915 717 1188 802 coniunctionem
1213 720 1252 781 et
1288 717 1383 781 intra

177 844 329 908 sextilem
347 847 531 925 aspectum,
551 843 681 922 partem
695 835 798 901 Lunae
835 832 904 899 Soli
921 844 1091 905 aversam,
1116 830 1158 893 ut
1188 842 1214 891 a
1242 826 1385 893 venere

180 956 345 1036 spectetur
361 953 497 1018 omuino
513 966 585 1015 esse
602 943 822 1029 impossibile‘l
840 942 919 1008 Esse
936 945 1050 1008 autem
1066 956 1111 1004 ex
1125 936 1220 1014 sote,
1236 939 1303 1020 qni
1318 955 1384 1004 sno

179 1064 304 1130 lumine
320 1061 519 1146 prolnndam
537 1058 641 1123 Lunae
659 1056 861 1121 soliditatem
878 1056 1028 1136 penetret
1050 1054 1150 1132 atque
1176 1048 1385 1131 pertundet,

55 1214 62 1227 x
179 1175 307 1257 pariter
317 1178 366 1238 est
376 1168 591 1253 inopinabile:
603 1184 774 1248 nunquam
793 1164 882 1229 enim
899 1163 1169 1236 imminueretur,
1184 1178 1274 1226 curn
1289 1178 1385 1227 sem·

179 1300 239 1366 per
256 1281 528 1363 hemispherium
548 1278 651 1344 Lunae
672 1293 692 1341 a
710 1276 785 1343 Sole
802 1276 845 1341 sit
863 1275 1084 1349 illustratum,
1102 1279 1260 1355 tempore
1278 1275 1385 1341 luna-

181 1392 270 1457 rium
288 1392 469 1474 Felipsium
491 1392 644 1471 excepto:
663 1387 860 1452 diminuitur
876 1391 989 1451 tamen
1007 1385 1087 1450 dnm
1106 1383 1202 1449 Luna
1221 1386 1269 1450 ad
1292 1402 1386 1469 qna·

180 1504 353 1571 maturam
370 1508 544 1588 properat,
556 1506 590 1566 et
601 1499 847 1565 omuinoeliam
857 1497 1048 1573 bebetetur,
1059 1496 1139 1561 dum
1148 1496 1388 1578 quadratum

179 1616 397 1698 superaverit.
407 1613 494 1682 Cum
504 1614 619 1695 itaque
630 1609 793 1694 ejusmodi
810 1608 1027 1675 secundmius
1043 1607 1156 1690 lulpor
1174 1624 1243 1672 πω
1276 1609 1387 1677 Luna

180 1728 224 1791 slt
251 1727 448 1807 congenitus
470 1729 570 1805 atque
598 1723 767 1804 proprius,
790 1737 853 1787 nec
870 1738 892 1785 a
911 1719 1022 1789 Stellis
1041 1718 1121 1785 ullis
1149 1734 1213 1785 nec
1245 1736 1273 1785 a
1306 1720 1387 1789 Sole

181 1840 369 1908 mutuatus,
387 1850 530 1914 cumque
545 1834 619 1915 jam
635 1833 671 1895 in
687 1832 806 1898 blundl
823 1834 981 1899 vastitate
994 1830 1220 1914 corpuealind
1231 1834 1391 1916 supersit

186 1943 334 2024 nullum,
360 1943 426 2007 nisi
455 1943 525 2007 sola
551 1942 677 2015 Tellus;
694 1941 775 2023 quid
791 1960 904 2024 queso
920 1940 1145 2026 opinandum?
1161 1942 1244 2024 qnid
1268 1946 1392 2027 mote-

186 2051 345 2119 rendum?
362 2051 524 2133 numquid
542 2070 562 2117 a
581 2052 683 2118 Terra
700 2054 808 2136 ipsum
831 2054 947 2118 lunare
965 2069 1102 2136 corpus,
1121 2056 1181 2118 aut
1200 2054 1391 2138 quidpiam

185 2164 279 2229 aliud
290 2180 432 2245 opaeum
448 2167 548 2244 atque
569 2163 779 2231 tenebrosum
796 2162 921 2229 lumine
938 2162 1112 2246 pertundit
1121 2162 1212 2241 Quid
1230 2166 1393 2233 mimml

186 2275 347 2341 maxime:
377 2291 488 2356 equa,
518 2280 677 2359 grataque
701 2275 946 2359 permutatione
962 2276 1111 2357 rependit
1128 2274 1244 2340 Tellus
1260 2294 1392 2359 parem

186 2385 462 2452 illuminationem
482 2385 545 2469 ipsi
563 2387 683 2463 Luna,
700 2387 833 2468 qualem
854 2392 889 2452 et
913 2387 985 2469 ipsa
1002 2403 1024 2451 a
1041 2386 1137 2452 Luna
1163 2387 1199 2450 in
1229 2389 1393 2468 proluu-

185 2497 333 2565 dioribus
361 2500 470 2564 noetis
503 2500 647 2564 tenebris
663 2503 735 2562 toto
752 2499 820 2562 lere
837 2504 983 2581 tempore
1000 2498 1127 2580 recipit.
1145 2496 1231 2562 liem
1250 2498 1394 2568 clarius

186 2611 387 2690 aperiamus.
405 2608 502 2672 Luna
519 2607 553 2671 ln
571 2607 875 2688 coniunctionibus,
894 2626 972 2674 cum
990 2608 1138 2673 medium
1154 2608 1246 2672 inter
1266 2608 1393 2679 Solem

185 2723 220 2783 et
238 2718 374 2781 Terram
391 2715 519 2779 obtinet
535 2716 659 2793 locum,
677 2716 840 2782 solaribus
857 2718 959 2783 radiis
987 2719 1023 2785 in
1045 2717 1207 2800 superiori
1228 2734 1298 2785 suo
1324 2723 1393 2788 be·

185 2828 377 2912 mispbaerio
398 2832 496 2891 terrae
515 2843 633 2893 averso
649 2826 877 2909 pertunditur3
905 2828 1176 2910 bemlepbeerium
1207 2844 1296 2895 vero
1331 2832 1392 2899 in·

185 2942 300 3016 terius.
329 2958 398 3023 quo
426 2939 563 3005 Terram
594 2939 725 3021 aspicit,
752 2941 895 3005 tenebris
923 2945 973 3005 est
1005 2940 1202 3014 obductum
1228 2942 1392 3009 nullate·

185 3070 247 3118 nus
274 3054 376 3133 igitur
406 3056 596 3116 terrestrem
627 3050 834 3131 superficiem
864 3051 1018 3116 illustrat.
1042 3050 1136 3115 Luna
1160 3050 1349 3133 paullatim
1367 3074 1391 3122 a

186 3163 261 3227 Sole
279 3162 615 3245 digressa‚1amjam
644 3161 755 3242 aliqua
784 3179 826 3224 ex
858 3168 952 3243 parte
988 3163 1023 3225 in
1054 3161 1292 3243 hemisphaerio
1327 3165 1392 3229 in-

185 3269 296 3335 teriori
325 3269 369 3334 ad
395 3287 457 3334 nos
487 3279 645 3354 vergente
677 3273 901 3347 illuminatur,
932 3273 1111 3337 albicantia
1133 3288 1276 3347 cornua,
1296 3276 1391 3341 sub-

187 3381 258 3445 tilla
275 3384 386 3444 tamen
406 3380 448 3444 ad
465 3397 525 3445 noe
542 3386 720 3458 convertit,
739 3390 773 3448 et
803 3384 920 3448 leviter
949 3384 1085 3447 Terram
1113 3383 1271 3448 illustrat:
1302 3402 1390 3450 cre-

185 3490 247 3554 scit
258 3489 294 3552 in
304 3488 409 3566 Luna,
416 3490 490 3571 lam
504 3491 547 3556 ad
561 3494 800 3574 quadraturam
819 3495 1007 3568 accedente,
1018 3493 1140 3559 Solaria
1157 3493 1386 3563 illuminatio:

186 3606 327 3684 augetur
344 3604 378 3666 in
397 3604 494 3669 terris
510 3603 583 3686 ejus
601 3605 736 3668 luminis
754 3605 904 3670 retlexio:
924 3605 1120 3671 extenditur
1142 3605 1250 3669 adhuc
1272 3620 1386 3687 supra

186 3713 431 3778 semicirculum
450 3713 603 3795 splendor
622 3714 656 3777 iu
675 3712 785 3791 Luna,
815 3722 848 3781 et
876 3723 999 3783 noetrae
1032 3716 1190 3781 clariores
1218 3716 1387 3799 effulgent

186 3830 311 3889 noctuae
340 3823 475 3889 tandem
505 3828 632 3909 integer
662 3826 764 3892 Lunae
793 3831 923 3906 vultus,
951 3848 1018 3912 quo
1038 3833 1162 3893 terram
1181 3826 1313 3909 aspicit,
1335 3830 1384 3895 ab

184 3936 335 4015 opposito
354 3934 427 4002 Sole
443 3938 634 4002 clarissimis
654 3940 836 4022 fulgoribus
853 3943 1050 4007 irradiatur:
1076 3941 1179 4006 enitet
1201 3940 1299 4018 louge
1323 3939 1383 4005 la·

187 4050 284 4127 teque
302 4049 466 4112 terrestris
483 4048 674 4128 superficies
693 4051 801 4114 lunari
818 4051 1147 4134 splendoreperlusa:
1161 4048 1381 4132 postmodum

187 4155 377 4219 decrescens
395 4157 490 4222 Luna
509 4157 682 4220 debiliores
700 4159 740 4221 ad
758 4176 819 4223 nos
836 4159 946 4222 radios
968 4164 1104 4237 emittit,
1129 4163 1271 4226 debilius
1293 4161 1381 4227 illu-

186 4265 334 4327 minatur
351 4265 466 4327 Terra:
495 4265 587 4329 Luna
607 4265 649 4329 ad
668 4267 936 4346 coniunctionem
947 4279 1278 4354 properat,atranox
1291 4273 1381 4336 Ter-

186 4390 257 4439 ram
276 4382 428 4457 oecupat.
442 4375 513 4440 Tali
526 4378 637 4457 itaqno
648 4376 784 4457 periodo
804 4378 937 4446 alteruis
957 4384 1087 4447 vicibus
1109 4384 1234 4449 lunaris
1258 4385 1379 4465 fulgor
