3096 5154
470 321 474 328 ’
588 343 819 393 senescalcus
840 343 967 390 anacam
1325 328 1367 391 65

181 485 318 565 Semper
337 488 464 559 tamen,
481 488 635 564 utsupra
666 499 796 564 quoque
825 483 1051 556 meminimus,
1079 482 1249 562 nigricans
1267 485 1370 564 ipsius

181 592 320 659 macule
349 610 428 674 pars
454 592 679 657 irradiationls
706 592 823 657 solaris
852 594 964 658 locum
990 594 1139 676 respicit,
1170 594 1370 675 splendidior

181 721 262 768 vero
277 703 399 769 limbus
412 703 634 786 nigricantem
650 704 817 770 maculam
833 706 869 768 in
881 708 976 787 parta
988 703 1058 770 Soli
1072 721 1201 779 aversa,
1218 710 1251 769 et
1268 703 1370 769 Luam

181 816 392 881 tenebrosam
410 817 544 897 plagam
561 817 759 898 respiciente
788 816 985 883 circumdat.
1008 815 1088 880 llaec
1108 815 1237 883 lunaris
1257 833 1373 897 super·

179 928 288 1004 deles,
304 945 371 1009 qua
388 927 545 1000 maculis,
573 929 680 998 instar
698 926 843 992 Paeonis
872 925 988 993 caude
1009 907 1161 992 caeruleis
1182 927 1304 1002 ccnlls,
1320 924 1373 991 dl·

182 1039 380 1123 atinguitur,
398 1038 516 1103 vitreis
534 1038 601 1102 illis
619 1039 766 1105 vasculis
784 1039 935 1105 redditur
953 1038 1150 1115 consimilis,
1170 1054 1245 1120 que
1263 1037 1373 1104 adbuc

180 1150 326 1217 calentia
343 1150 380 1214 in
396 1149 554 1232 frigidam
571 1149 735 1226 immissa,
754 1151 953 1232 perfractam
976 1150 1204 1233 undosamque
1231 1150 1373 1232 superfl-

181 1261 269 1326 clem
287 1261 481 1343 acquirunt,
500 1277 543 1326 ex
560 1278 627 1343 qno
645 1278 667 1325 a
682 1261 787 1344 vulgo
810 1261 968 1344 glaciales
990 1261 1104 1344 cyathi
1125 1268 1371 1344 nuncupantur.

183 1371 310 1437 Verum
327 1388 458 1456 magna
476 1372 623 1455 ciusdem
641 1371 744 1438 Lunae
762 1374 904 1441 rnacnlae
921 1373 1088 1437 consimili
1107 1373 1207 1438 ruodo
1224 1373 1372 1439 interru-

180 1489 262 1565 ptas,
281 1488 381 1566 atque
397 1483 528 1550 lacunis
546 1489 580 1550 et
608 1483 799 1550 eminentiis
827 1484 986 1550 conferas
1016 1484 1153 1551 minime
1174 1490 1372 1559 cernuntur,

180 1595 238 1658 sed
256 1595 363 1678 magis
380 1594 560 1678 aquabtles
582 1601 616 1662 et
638 1594 836 1670 uniiormesa
851 1595 1059 1660 solummodo
1072 1595 1162 1660 enirn
1177 1594 1373 1660 clarioribus

180 1706 353 1771 munullis
370 1707 493 1771 areclis
514 1707 578 1772 bac
609 1708 687 1772 illac
717 1711 860 1780 scatent;
888 1705 973 1768 adeo
1001 1710 1039 1770 nt
1069 1704 1096 1768 si
1124 1707 1200 1787 quis
1227 1709 1372 1770 veteram

181 1814 468 1897 Pythagoreorum
498 1818 697 1881 sententiam
724 1816 931 1880 exarescitare
960 1814 1072 1887 velit,
1090 1812 1220 1880 Lunam
1249 1815 1375 1880 scillcet

179 1941 251 1990 esse
268 1925 367 2007 quasi
385 1926 553 1992 Tellurem
571 1927 727 2000 alteram,
744 1925 816 2007 ejus
830 1939 909 2007 pars
922 1920 1064 1988 lucidior
1077 1928 1245 1989 terrenam
1259 1941 1376 2008 super-

183 2036 307 2113 tlciem,
325 2038 499 2104 obscum
516 2054 599 2102 sero
612 2052 754 2118 aqueam
769 2036 877 2117 magis
889 2050 1037 2115 congrue
1052 2041 1276 2116 repraesentet:
1291 2036 1375 2100 mibi

182 2150 295 2209 autem
313 2146 453 2212 dubium
468 2147 532 2212 init
544 2164 732 2229 nunqnam,
749 2146 914 2211 terrestris
933 2144 1022 2226 globi
1041 2163 1062 2209 a
1078 2145 1177 2229 longa
1190 2150 1373 2230 conspecti,

185 2255 285 2332 atque
302 2268 323 2315 a
340 2255 443 2318 radiis
460 2257 623 2322 solaribus
642 2257 781 2338 pemnn,
803 2261 947 2320 terream
962 2256 1169 2337 superficiem
1188 2259 1375 2333 clariorem,

183 2359 411 2426 obscuriorem
428 2381 512 2428 vero
529 2381 669 2444 aqueum
687 2381 757 2428 sese
775 2367 809 2427 in
827 2369 1046 2446 conspectum
1056 2363 1221 2431 datorem.
1237 2369 1376 2451 Depres-

181 2471 287 2536 siores
300 2472 435 2555 insuper
450 2474 485 2538 in
495 2473 591 2539 Luna
601 2478 784 2539 cernuntur
794 2489 924 2554 magne
936 2474 1092 2548 macule,
1105 2493 1208 2556 wana
1218 2479 1377 2543 clariores

182 2581 304 2675 plagam
323 2582 358 2644 in
377 2583 437 2647 illa
454 2583 544 2647 enim
563 2590 633 2648 tarn
651 2589 834 2658 crescente,
852 2598 954 2664 qnam
970 2583 1180 2653 decrescente
1193 2602 1323 2668 semper
1341 2589 1376 2651 in

183 2692 269 2757 lucis
289 2693 568 2775 tenebrarumque
591 2694 739 2759 condnio
760 2693 950 2776 prominent
972 2693 1049 2758 binc
1066 2694 1146 2759 inde
1170 2697 1263 2763 circa
1285 2699 1374 2780 ipsas

181 2818 320 2885 magnas
339 2804 490 2870 maculas
506 2805 642 2871 termini
661 2804 766 2888 partis
778 2804 964 2880 lucidioris,
980 2805 1087 2871 veluti
1103 2806 1138 2870 iu
1151 2807 1376 2875 describendis

180 2913 299 2996 liguris
330 2915 606 2992 observavimum
638 2933 746 2998 neque
779 2914 999 2996 depressiores
1030 2917 1264 2982 tantummodo
1296 2927 1374 2983 sunt

180 3024 348 3091 dictarum
366 3026 579 3091 macularum
597 3027 748 3102 termini,
765 3026 823 3090 sed
841 3026 1087 3108 aequabiliores,
1110 3043 1171 3089 nec
1199 3029 1292 3108 rugis
1314 3034 1373 3093 aut

182 3134 418 3216 asperitatibus
434 3137 622 3219 interrupti.
642 3135 799 3202 Lucidior
816 3153 898 3200 vero
916 3119 994 3218 pars
1015 3136 1161 3199 maxime
1183 3152 1285 3219 prope
1300 3153 1374 3203 naa-

183 3245 277 3310 culas
294 3247 432 3322 emiuet3
452 3246 535 3311 adeo
552 3253 605 3324 nt,
623 3253 656 3312 et
674 3252 750 3312 ante
764 3248 1005 3328 quadraturam
1020 3247 1178 3328 primam,
1197 3253 1230 3312 et
1248 3247 1282 3311 ln
1301 3249 1372 3330 ipsa

180 3355 284 3420 ferme
302 3357 462 3433 munda,
480 3358 573 3423 circa
589 3359 757 3423 maculam
774 3357 969 3438 quamdam,
983 3357 1187 3438 superiorem
1206 3359 1373 3422 borealem

180 3483 298 3548 supe
315 3466 417 3533 Luna
435 3469 569 3551 plagam
589 3473 824 3551 occupantem,
843 3467 940 3531 valde
959 3469 1173 3544 attollantur,
1188 3475 1258 3534 tem
1273 3484 1373 3551 supra

180 3579 274 3657 illam
292 3595 393 3660 quam
412 3578 515 3655 inira,
533 3581 684 3663 ingentes
700 3579 853 3660 quaedam
872 3579 1075 3655 eminentie,
1092 3578 1198 3644 veluti
1215 3580 1371 3661 apposite

178 3689 396 3772 praeseferunt
414 3690 661 3756 delineationes.

269 3799 349 3864 llrcc
366 3800 482 3867 eadem
501 3802 634 3866 macula
653 3806 730 3866 anta
752 3802 931 3866 secundem
953 3801 1192 3882 quadraturam
1214 3801 1373 3882 nigriori-

178 3910 240 3976 bus
249 3910 450 3992 quibusdam
463 3912 613 3977 tenninis
625 3912 880 3977 circumvallata
895 3911 1113 3993 conspicitur3
1126 3912 1185 3994 qui
1198 3917 1371 3993 tamquam

179 4023 340 4088 altissima
350 4023 515 4087 montium
521 4022 604 4104 juga
615 4039 658 4086 ex
667 4027 761 4104 parte
771 4022 838 4088 Soli
849 4038 968 4088 aversa
977 4020 1187 4087 obscuriores
1197 4026 1368 4103 apparent,

178 4151 245 4217 qua
261 4151 344 4199 vero
363 4134 473 4200 Solem
491 4135 671 4217 respiciunt
701 4134 879 4200 lucidiores
905 4139 1035 4208 extant:
1063 4131 1162 4215 anus
1182 4133 1369 4215 oppositum

180 4245 214 4309 in
236 4247 437 4312 caritatibus
459 4246 596 4321 accidit,
618 4263 760 4327 quarum
783 4261 860 4325 pars
884 4244 951 4309 Soli
975 4261 1093 4308 aversa
1117 4242 1291 4326 splendens
1309 4258 1369 4320 ap-

179 4361 285 4436 paret,
308 4357 452 4422 obscura
472 4375 552 4421 vero
581 4374 619 4420 ac
643 4357 815 4431 umbrosa,
837 4373 911 4437 quae
935 4374 978 4419 ex
1000 4360 1094 4438 parte
1117 4355 1203 4422 Solis
1224 4355 1288 4417 sita
1310 4353 1367 4413 est.

181 4463 358 4532 Imminuta
377 4468 495 4532 deinde
512 4467 680 4567 luminosa
698 4468 885 4550 superlicie,
905 4483 982 4531 cum
1005 4466 1149 4548 primum
1173 4470 1243 4529 tota
1265 4462 1366 4525 ferme

264 4571 386 4631 lisama
403 4575 645 4633 Gaium-'lora
667 4574 714 4631 ΙΙΙ.
1195 4574 1211 4623 tl
