3096 5154
174 276 216 340 til
579 281 806 332 asmosourcns
827 278 952 327 umcros

96 478 97 482 ,
178 432 290 511 aliqua
309 422 484 504 interjecta
503 436 612 496 mora,
628 420 856 502 magnitudine
879 424 912 482 ct
940 417 1065 482 lumine
1093 416 1295 497 ungentum
1312 412 1384 498 post

178 555 261 607 vero
280 532 458 600 secundam
487 532 625 608 boram,
654 536 713 596 aut
730 531 878 607 tertiam,
908 529 1044 610 relique
1072 524 1163 610 parti
1196 526 1333 592 lucido·
1354 532 1383 589 et

180 646 333 729 ampliori
347 643 419 726 jam
437 644 532 708 iactae
544 642 749 725 §unguntum
768 640 900 706 interim
917 644 1029 704 tamen
1047 637 1122 702 alite
1140 640 1268 719 atqnoe
1292 636 1383 705 alia.

183 759 261 821 hinc
279 756 353 820 inde
371 755 465 836 quasi
478 753 692 835 pullulantes,
706 752 795 815 intra
808 750 1015 815 tenebrosam
1027 751 1159 830 partem
1176 746 1383 812 accendon-

182 875 254 941 tur,
272 870 449 947 angentur,
478 881 517 927 ac
547 863 682 928 demum
709 859 816 925 eidem
843 860 1015 925 luminoso
1044 855 1257 938 suportlolei,
1275 856 1383 937 magis

179 978 287 1043 adbuc
298 980 459 1050 extensae,
476 974 686 1056 copulantur.
699 971 805 1056 Hujus
820 970 1008 1052 exemplum
1019 966 1136 1033 eadem
1147 964 1272 1049 ligura
1286 964 1382 1031 nobis

183 1088 327 1152 exhibet.
349 1087 392 1150 At
413 1101 523 1149 nonne
542 1082 577 1145 in
599 1083 697 1146 terris
715 1086 791 1145 ants
820 1080 905 1147 Solis
922 1084 1093 1155 exortum,
1117 1076 1250 1142 umbro
1271 1076 1380 1143 adbuc

178 1199 332 1281 planities
349 1200 547 1277 occupante,
567 1193 804 1257 altissimorum
826 1190 1001 1257 cacumina
1018 1180 1188 1254 montium
1206 1186 1381 1252 solaribus

180 1309 282 1375 radiis
299 1304 526 1374 illustrantur?
543 1304 659 1371 Nonne
679 1305 800 1385 exigno
820 1300 994 1384 interiecto
1017 1306 1167 1381 temporo
1186 1298 1379 1381 ampliatur

179 1421 307 1496 lumen,
326 1420 404 1485 dum
419 1416 536 1481 mediae
553 1419 586 1481 et
604 1415 764 1498 largiores
777 1413 969 1480 eorumdem
983 1412 1147 1476 montium
1158 1412 1284 1490 partes
1302 1410 1380 1475 illn-
1439 1406 1442 1439 ²

179 1532 359 1608 minantur,
371 1548 410 1594 ac
424 1529 558 1595 tandem
570 1532 644 1591 orto
650 1526 723 1608 jam
734 1525 808 1592 Sole
820 1524 1035 1607 planiciemm
1046 1525 1079 1585 ot
1088 1517 1233 1584 collium
1244 1518 1380 1587 illumi·
1440 1526 1443 1545 ¹

180 1644 331 1709 nationes
336 1638 543 1724 jungunturt
552 1636 751 1721 llulusmodi
762 1642 873 1702 autem
884 1630 1382 1700 eminentiammetcavitatnm

180 1753 373 1816 discrimina
391 1751 425 1812 in
442 1749 537 1813 Luna
558 1749 655 1828 longe
675 1749 807 1828 lateque
834 1749 1022 1811 terrestrem
1039 1740 1261 1825 asperitatem
1280 1760 1383 1826 supe·

185 1876 261 1921 rare
275 1858 442 1930 videntur,
455 1862 493 1921 nt
509 1856 596 1919 inira
612 1856 918 1920 demonstrabimus.
927 1853 1065 1920 Interim
1083 1851 1218 1916 silentio
1234 1854 1384 1919 minime

185 1967 357 2031 involvam
375 1966 456 2046 quid
474 1964 760 2029 animadversione
779 1965 915 2046 dignum
935 1982 954 2027 o
972 1981 1025 2027 me
1043 1963 1282 2039 observatum,
1303 1964 1385 2031 dnm
1447 1950 1449 1969 '

188 2077 283 2142 Luna
299 2075 342 2139 ad
360 2075 501 2157 primam
523 2074 760 2156 quadraturam
782 2081 984 2156 properaret,
1008 2073 1104 2156 culus
1125 2072 1232 2135 etiam
1255 2073 1386 2157 imagi-

186 2205 264 2251 nem
280 2186 395 2251 eadem
414 2203 513 2269 supra
533 2186 640 2268 posita
656 2185 831 2251 delineatio
852 2186 1018 2268 praesefert
1038 2181 1134 2269 (Tab.
1152 2181 1183 2258 l,
1203 2181 1282 2266 vig.
1304 2184 1384 2271 Π);

190 2298 305 2381 ingens
323 2299 410 2363 enim
429 2300 520 2364 sinus
536 2299 727 2365 tenebroars
748 2299 782 2363 in
804 2303 932 2381 partem
959 2296 1160 2362 luminosam
1189 2294 1289 2361 subit
1323 2292 1386 2383 (1),

186 2425 302 2474 versus
325 2410 461 2475 inferius
478 2428 582 2476 cornu
601 2411 743 2484 locatum
761 2428 859 2491 quem
879 2409 1013 2490 quidem
1031 2408 1140 2471 sinum
1154 2399 1237 2469 cnm
1251 2406 1387 2475 diutins

185 2520 428 2593 observassem,
452 2525 623 2600 totumque
645 2521 825 2583 obscurum
846 2519 1018 2595 vidissem,
1036 2517 1171 2582 tandem
1199 2522 1283 2595 post
1296 2516 1387 2584 duos

187 2630 255 2690 iere
271 2628 385 2700 horas,
402 2627 515 2707 paullo
535 2628 622 2690 inira
639 2628 785 2691 medium
803 2628 971 2703 caritatis,
990 2634 1105 2693 vertex
1120 2624 1262 2706 qnidam
1276 2628 1387 2694 lurni·

190 2752 292 2801 nosus
309 2751 487 2816 exsurgere
515 2736 627 2817 coepit:
655 2735 710 2799 bic
739 2754 819 2802 vero
847 2738 1020 2819 paullatim
1038 2752 1188 2802 crescens
1205 2736 1387 2819 trigonam

189 2848 331 2930 liguram
359 2845 605 2929 praeselcrcbat,
634 2852 770 2928 eratque
786 2849 923 2912 omnino
941 2848 1048 2912 adbuc
1068 2866 1088 2911 a
1106 2846 1280 2911 luminosa
1297 2850 1390 2915 facie

187 2959 340 3025 revulsus
362 2976 401 3022 ac
430 2963 613 3039 separatus;
631 2974 710 3019 mox
728 2959 818 3022 circa
837 2961 931 3024 illum
950 2964 1015 3022 tres
1034 2959 1108 3021 alie
1127 2956 1286 3036 cuspides
1305 2963 1387 3026 exi-

190 3087 263 3149 guae
275 3072 385 3133 lucore
395 3072 578 3148 coeperunt:
590 3067 705 3142 donec,
717 3066 810 3132 Luna
821 3069 892 3148 iam
907 3085 1062 3132 occasum
1076 3082 1192 3130 versus
1205 3069 1388 3144 tendente,

187 3177 318 3254 trigona
335 3177 395 3238 illa
414 3178 521 3257 ligura
539 3184 674 3242 extensa
693 3184 725 3242 ct
744 3179 886 3258 amplior
904 3179 975 3259 jam
1004 3179 1106 3251 lacta,
1135 3192 1212 3240 cum
1244 3180 1387 3263 reliqna

188 3283 352 3349 luminosa
369 3292 462 3365 parte
491 3290 696 3365 nectebatur,
726 3308 765 3352 ac
794 3289 899 3352 instar
928 3290 1069 3369 ingentis
1095 3290 1341 3369 promontorii,
1366 3311 1389 3357 a

187 3395 294 3458 tribus
308 3394 380 3475 J'am
397 3401 661 3463 commemoratis
684 3400 803 3464 lucidis
819 3399 1000 3462 verticibus
1030 3398 1137 3461 adhuc
1167 3397 1324 3473 obsessa,
1351 3402 1388 3466 in

187 3504 393 3568 tenebrosum
410 3507 519 3570 sinum
536 3509 737 3589 erumpebat.
749 3509 786 3570 ln
804 3507 961 3572 extremis
975 3525 1104 3588 quoque
1119 3506 1290 3580 comibus
1308 3514 1388 3576 tam

186 3614 362 3695 superiori,
380 3633 479 3696 quam
498 3616 657 3690 inferiori,
676 3617 846 3698 splendida
863 3617 1014 3698 quaedam
1030 3626 1169 3697 puncta,
1181 3621 1214 3678 et
1232 3620 1386 3687 omnino

187 3741 208 3786 e
225 3724 352 3806 reliquo
371 3725 494 3790 lumine
512 3726 687 3808 disiuncta,
709 3729 934 3810 emergebant,
950 3728 1054 3791 veluti
1069 3729 1103 3790 in
1125 3726 1241 3791 eadem
1262 3727 1385 3809 ligura

186 3834 352 3913 depictum
370 3838 528 3903 cernitur.
544 3837 689 3919 Eratque
708 3857 830 3923 magna
849 3840 1065 3904 obscurarum
1085 3838 1297 3901 macularum
1326 3845 1386 3908 vis

188 3942 222 4004 in
242 3948 381 4024 utroque
399 3964 517 4020 cornu,
536 3949 680 4013 maxime
696 3957 807 4016 autem
830 3954 863 4015 in
887 3950 1048 4023 interiori3
1067 3966 1209 4030 quarum
1228 3949 1387 4031 majores

188 4055 221 4114 ct
239 4051 441 4120 obscuriores
459 4062 632 4138 apparent,
654 4078 727 4138 quae
750 4061 892 4124 termino
915 4060 998 4123 lucis
1025 4066 1058 4124 et
1090 4060 1301 4124 tenebrarum
1321 4064 1386 4127 vi-

188 4161 330 4223 ciniores
348 4171 438 4237 sunt;
457 4165 650 4229 remotiores
667 4186 747 4231 vcro
761 4171 909 4232 obscurae
924 4170 1049 4245 minus,
1067 4191 1105 4234 ac
1121 4171 1228 4251 magis
1246 4168 1383 4238 dilutae.

259 4380 292 4443 (t)
308 4380 433 4445 irrumpit
448 4380 500 4433 ΜΒ.
517 4384 552 4434 ΙΙ.
