3096 5154
581 326 809 375 asnnouoxrcus
831 325 957 373 uoucrus
1322 310 1365 372 'ld

178 465 288 546 plures
304 466 339 528 in
355 464 471 530 eadem
488 468 584 529 nocte
597 465 719 529 habitu
735 464 884 539 luerunt,
903 464 1054 545 apposui:
1073 463 1154 526 adeo
1168 465 1257 526 enim
1272 466 1360 528 cale-

179 591 231 638 res
245 575 364 640 horum
381 573 593 639 Planetamm
612 579 729 639 extant
749 572 985 648 revolutiones,
1004 578 1042 639 ut
1061 572 1211 637 horedus
1232 592 1361 655 quoque

177 683 377 749 differentias
393 685 587 766 plerumque
606 683 704 748 liceat
723 684 884 765 accipere.

265 794 325 860 Die
344 794 446 876 igitur
467 792 679 868 duodecima,
708 792 790 857 liora
819 793 984 872 sequentis
1011 793 1118 856 noctis
1146 792 1253 873 prima
1281 791 1361 865 hac,

179 906 307 969 ratione
325 904 482 986 disposita
500 901 615 967 Sidera
632 901 723 965 vidi:
742 906 813 966 erat
835 902 1027 966 orientalior
1050 901 1152 968 Stella
1173 901 1365 966 occidenta-

179 1014 256 1078 liori
289 1014 412 1096 major,
445 1013 551 1076 ambae
596 1017 709 1076 tamen
741 1011 838 1077 valde
869 1011 1055 1094 conspicuae
1098 1028 1136 1073 ac
1170 1011 1363 1091 splendidae:

185 1214 264 1305 or.
568 1204 619 1315 2³11·
670 1166 806 1373 ’Θ
901 1207 944 1294 t
1255 1214 1362 1304 Oce.

180 1447 320 1526 utraque
338 1444 482 1510 distabat
500 1463 521 1509 a
536 1444 619 1509 Jove
633 1445 796 1529 scrupulis
818 1445 932 1527 primis
950 1444 1090 1509 duobus:
1111 1442 1221 1510 Tertia
1236 1463 1366 1529 quoque

181 1552 321 1620 Stellula
348 1573 505 1638 apparere
535 1555 633 1639 coepit
651 1557 734 1621 hora
751 1557 868 1631 tertia,
884 1555 977 1637 prius
1005 1554 1142 1618 minime
1171 1561 1365 1638 conspecta,

180 1680 254 1746 quae
273 1683 315 1729 ex
331 1671 425 1748 parte
443 1666 598 1730 orientali
613 1666 732 1730 lovem
752 1666 817 1730 sere
836 1664 1006 1746 tangebat,
1034 1671 1169 1745 eratque
1187 1666 1367 1730 admodum

180 1777 313 1860 exigua.
331 1774 453 1841 Omnes
471 1777 606 1842 luerunt
625 1777 660 1840 in
678 1775 793 1840 eadem
811 1780 918 1850 reeta,
936 1780 969 1840 et
987 1773 1168 1840 secundum
1187 1773 1366 1857 Eclypticm

177 1885 422 1968 longitudinem
439 1886 652 1951 coordinata).

268 1996 329 2062 Die
348 1996 576 2062 decimotertio
593 1996 738 2079 primum
756 2014 776 2059 a
793 2014 846 2061 me
864 1999 1008 2078 quatuor
1025 2000 1208 2077 conspecte
1231 1994 1365 2058 luerunt

184 2106 328 2174 Stellulae
347 2108 383 2171 in
400 2108 463 2172 hac
483 2109 527 2172 ad
543 2108 660 2173 lovem
678 2107 926 2172 constitutione:
942 2113 1037 2171 erant
1051 2112 1118 2171 tres
1132 2105 1365 2177 occidentales,

183 2222 216 2279 et
233 2234 301 2280 una
319 2217 505 2280 orientalis:
526 2218 650 2282 lineam
667 2217 817 2300 proxime
836 2223 961 2282 rectam
978 2217 1235 2288 constituebant;
1258 2216 1367 2281 media

189 2415 269 2505 Or.
600 2482 624 2533 p
677 2371 779 2576 Θ
813 2483 836 2532 p
877 2394 961 2533 e,
1256 2420 1363 2507 Oce.

184 2643 273 2706 enim
302 2643 558 2710 occidentalium
586 2645 772 2726 paullulum
802 2665 822 2709 a
851 2652 943 2710 recta
974 2646 1227 2728 septentrionem
1250 2661 1365 2709 versus

162 2826 165 2831 ,
183 2753 386 2819 deflectebat.
404 2754 527 2819 Aberat
544 2754 738 2820 orientalior
756 2773 777 2820 a
795 2754 877 2827 Jove
895 2755 1024 2821 minuta
1046 2757 1125 2821 duo:
1149 2756 1366 2837 reliquarum,

183 2871 216 2930 et
243 2864 337 2930 Iovis
365 2864 625 2947 intercapedines
654 2870 749 2930 erant
777 2866 914 2948 singula
943 2866 1044 2931 unius
1077 2870 1206 2931 tantum
1237 2865 1369 2929 minuti.

185 2975 294 3042 Stellae
323 2992 437 3039 omnes
465 2975 605 3039 eandem
632 2976 898 3057 praeseferebant‘
914 2977 1193 3059 magnitudinem
1222 2993 1261 3038 ac
1291 2975 1369 3038 licet
1490 2987 1495 2996 ·

185 3086 331 3166 exigue,
347 3085 560 3150 lucidissimae
583 3091 696 3149 tamen
725 3091 836 3162 erunt,
858 3104 900 3150 ac
922 3086 998 3150 lixis
1026 3085 1173 3167 ejusdem
1202 3083 1369 3165 magnitu-

186 3195 272 3258 dinis
290 3196 387 3276 lonpe
405 3194 670 3276 splendidiores‘

274 3305 333 3370 Die
350 3305 599 3386 decimaquarta
615 3306 680 3372 init
696 3312 884 3389 tempestas.

273 3414 333 3481 Die
352 3415 611 3497 decimaquinta,
629 3417 713 3481 hora
740 3418 848 3481 noctis
868 3417 984 3491 tertia,
1003 3418 1038 3480 in
1062 3419 1212 3501 proxime
1240 3417 1370 3499 depicta

185 3525 320 3590 iuemnt
336 3525 529 3590 habitudine
545 3532 689 3608 quatuor
707 3527 816 3594 Stella
836 3526 880 3591 ad
897 3527 1028 3592 Iovem:
1060 3527 1279 3593 occidentales
1296 3546 1370 3594 om·

187 3653 261 3712 nes,
274 3651 313 3699 ac
327 3634 363 3698 in
377 3624 491 3700 ead'em
506 3639 658 3719 proxime
673 3642 766 3702 recta
781 3637 869 3702 linea
884 3637 1066 3720 dispositae;
1081 3655 1155 3720 quae
1169 3638 1257 3703 enim
1272 3639 1370 3704 tertia

189 3863 270 3953 or.
547 3808 1063 4020 (mowiler
1258 3860 1365 3952 occ.

187 4113 305 4178 aJove
324 4112 561 4179 numerabatur
577 4113 764 4195 paullulum
782 4114 817 4177 in
834 4112 974 4178 Boream
998 4113 1223 4189 attollebatur;
1233 4112 1369 4196 propin-

186 4224 282 4304 quior
299 4223 376 4289 iovi
395 4230 466 4289 erat
483 4223 633 4289 omnium
651 4225 804 4303 minima,
823 4225 958 4307 reliquae
976 4229 1212 4306 consequenter
1229 4224 1370 4306 maiores

187 4336 401 4415 apparebant;
420 4335 597 4400 intervalla
613 4335 699 4400 inter
716 4335 845 4413 lovem,
863 4340 896 4401 et
909 4337 975 4400 tria
994 4336 1227 4419 consequentia
1243 4334 1367 4401 Sidera,

189 4449 281 4506 erant
300 4447 440 4528 aqualia
458 4446 585 4523 omnia,
614 4447 817 4514 aeduorum
846 4450 1065 4515 minutomm:
1097 4453 1131 4513 et
1160 4440 1371 4512 occidentalis
