3096 5154
424 351 567 401 parrana
592 350 724 398 suranna
748 348 827 398 ause
852 349 990 398 nicenus
1013 351 1120 397 saeua
1298 331 1362 394 l27

182 493 292 576 anpuli
309 490 407 565 ΑΒΘ,
427 491 458 554 F
459 489 531 565 All,
549 509 604 573 per
618 508 774 572 praa-unc.
796 487 825 552 1.
848 485 956 562 Quare
976 496 1003 550 el
1020 489 1138 551 residui
1152 487 1253 561 ΚΑΒ,
1265 485 1362 558 ΑΘΒ,

180 605 264 667 inler
279 619 313 665 se
329 598 464 683 aquales
483 610 560 665 sum
575 618 634 682 per
650 618 806 681 manuae.
826 596 857 663 3.
875 597 982 679 Ipilur
999 605 1060 661 eres
1078 597 1189 678 anpuli
1206 599 1247 661 ad
1265 615 1364 660 unam

178 719 302 794 perlem
319 717 411 775 realae
429 710 493 774 ΒΒ
509 712 604 793 sacti,
622 718 795 790 aquantur
812 707 913 772 lrilas
931 707 997 770 duli
1021 706 1175 788 rrianpuli
1202 709 1364 786 erilapani

180 821 307 904 anpulis
319 823 415 885 eliam
430 820 629 902 sinpillalim,
640 819 724 902 qued
734 826 802 883 cral
816 818 997 881 secundum.
1017 816 1062 880 El
1080 819 1124 881 sic
1143 825 1242 880 talum
1256 815 1366 879 emma

182 949 223 996 ea
243 932 302 996 lac
316 937 410 1012 parle
427 938 587 994 ostensum
600 937 717 993 munel.
737 927 855 992 Eadem
873 929 957 990 enim
972 945 1103 1009 prorsus
1123 928 1211 990 mado
1239 927 1367 990 mman-

181 1043 339 1109 elralilur
350 1043 387 1107 de
406 1042 506 1106 lrilus
524 1042 596 1105 aliis
615 1041 780 1123 quibusvis
797 1040 839 1103 ad
856 1056 956 1102 unam
969 1048 1095 1120 partem
1112 1039 1282 1120 assumptis
1304 1056 1366 1102 an-

182 1152 280 1236 pulis,
299 1151 445 1234 beneficia
462 1151 597 1215 ducrum
617 1150 848 1231 leianpulerum
866 1148 964 1222 ΑΒΘ,
984 1148 1078 1213 ΑΒΘ.

276 1260 431 1327 Transeat
449 1279 535 1324 nunc
553 1270 639 1325 reela
657 1258 715 1324 ΚΒ
732 1279 787 1341 per
805 1278 1000 1323 communem
1014 1261 1178 1326 sectionem
1192 1261 1226 1335 Θ,
1238 1269 1267 1325 el
1285 1263 1326 1325 sil
1346 1261 1364 1324 1

180 1372 450 1456 perpendicularis
478 1371 520 1434 ad
548 1373 796 1452 hypothenusam
813 1368 881 1443 ΒΘ,
901 1372 1052 1451 utrinque
1066 1379 1261 1451 protractam
1279 1373 1315 1436 ia
1333 1371 1371 1435 Β

183 1491 214 1548 el
231 1483 260 1547 I.
281 1481 361 1546 Cum
375 1500 449 1563 erpa
466 1480 525 1546 u
541 1483 582 1545 sil
599 1480 870 1563 perpendicularis
899 1481 941 1544 ad
960 1478 1023 1552 ΒΙ,
1047 1491 1142 1545 erunt
1169 1483 1231 1548 dua
1255 1482 1367 1567 anpuli

182 1593 283 1669 ΗΘΚ,
310 1592 398 1660 ΗΘΒ
423 1595 502 1658 reali
518 1610 578 1676 per
600 1592 810 1677 definitionem
839 1591 903 1664 105
931 1591 1041 1655 iisdem
1066 1599 1187 1666 autem,
1213 1600 1367 1676 tanquam

178 1712 286 1790 parles
304 1706 371 1780 loli,
389 1711 560 1786 aquantur
572 1711 634 1768 lrcs
645 1702 757 1785 anpuli
768 1701 866 1778 ΒΘΗ,
877 1701 979 1776 ΗΘΒ,
989 1700 1087 1774 ΒΘΚ,
1094 1720 1154 1783 per
1162 1721 1317 1785 manans.
1329 1705 1367 1778 9,·

182 1824 258 1881 euni
284 1824 392 1880 aulem
420 1824 449 1878 el
478 1823 540 1879 lrce
570 1814 681 1896 anpuli
705 1812 859 1894 irianpuli
876 1811 965 1876 ΑΒΘ
983 1812 1116 1895 aquales
1135 1814 1255 1879 duabus
1273 1817 1366 1881 reclis

179 1943 237 2008 prr
248 1924 301 1991 32.
319 1926 348 1990 1.
363 1923 507 1998 Euclida
525 1933 587 1988 tres
605 1925 716 2005 anpuli
732 1922 828 1997 ΒΘΗ,
846 1922 947 1997 ΗΘΒ,
962 1922 1061 1998 ΒΘΚ,
1073 1925 1208 2006 aquales
1219 1934 1295 1990 sunl
1306 1928 1367 1991 iri-

185 2033 244 2121 leus·
260 2034 415 2118 irianpuli
432 2031 522 2098 ΑΒΘ
538 2033 680 2117 napulie,
692 2052 750 2117 per
763 2052 856 2117 praa.
878 2035 907 2098 1.
930 2033 974 2098 El
992 2035 1048 2098 lac
1066 2043 1111 2099 esl
1129 2054 1241 2102 unum.
1265 2037 1368 2103 Parra

184 2144 322 2226 ampulas
340 2143 437 2220 ΒΘΒ,
455 2164 528 2210 eum
545 2147 586 2208 sil
603 2155 722 2220 reclus,
739 2145 868 2227 aqualis
887 2155 932 2210 esl
950 2145 1068 2226 anpulo
1087 2145 1145 2210 ΒΑ
1152 2147 1185 2221 Θ,
1200 2156 1368 2231 adparere-

186 2263 249 2328 σω,
268 2263 297 2319 cl
315 2256 452 2353 appulus
467 2255 559 2320 ΗΘΒ
578 2259 769 2321 communis:
787 2259 889 2338 ipilur
911 2265 939 2319 el
962 2257 1102 2339 reliquus
1129 2258 1221 2323 FGK
1246 2261 1367 2344 reliqua

187 2364 276 2430 ΑΒΘ
292 2375 452 2448 aqualur.
466 2387 526 2450 per
538 2387 632 2450 pren
652 2366 682 2433 3.
700 2366 745 2432 Ec
763 2369 820 2433 lac
838 2376 882 2432 cel
900 2367 1045 2433 ullarum.
1065 2368 1203 2445 Rursus,
1215 2375 1243 2436 si
1257 2391 1367 2438 suma-

187 2494 257 2542 mus
274 2477 317 2542 ad
336 2478 468 2541 alleram
485 2480 575 2543 linea
593 2477 651 2542 ΚΒ
665 2488 806 2560 partem,
828 2488 888 2542 eres
907 2479 1039 2560 anpulos
1059 2478 1146 2554 ΚΘΙ,
1165 2479 1252 2555 ΙΘΘ,
1274 2482 1366 2557 Gau,

185 2591 257 2663 crit,
276 2597 314 2653 ul
331 2597 418 2662 anie,
435 2587 517 2654 ΚΘΙ
531 2599 634 2655 reclus
652 2600 736 2655 recto
753 2587 842 2654 ΒΑΘ
856 2589 1000 2671 aqualis,
1019 2608 1074 2671 per
1091 2607 1247 2675 pronunc.
1268 2592 1320 2665 12,
1340 2602 1369 2656 el

184 2700 322 2783 ananius
333 2698 412 2765 ICG
422 2701 601 2783 equabitur
612 2698 880 2782 anpulaACB,ad
889 2701 1036 2764 uerticem
1045 2702 1322 2784 appasiluper15.
1337 2701 1366 2766 1.

183 2811 288 2887 Euri:
305 2831 379 2895 erpa
401 2822 431 2877 el
445 2812 585 2894 reliquus
606 2811 689 2878 GCL
706 2813 826 2896 reliqua
844 2809 933 2876 ΑΒΘ
946 2828 1005 2893 per
1024 2829 1117 2893 pron.
1136 2810 1167 2877 3.
1184 2812 1367 2895 Eademque

180 2922 324 3005 pradalia
341 2929 523 2988 assumam·
544 2925 579 2986 de
598 2924 743 2989 amnibus
766 2925 838 2990 aliis
858 2924 958 2991 tribas
981 2925 1118 3007 capulis,
1135 2927 1368 3008 quomodocun-

186 3053 246 3118 que
264 3034 307 3097 ad
324 3052 424 3098 unam
442 3037 540 3098 unius
557 3035 646 3098 linea
664 3042 755 3100 rectu
777 3044 901 3117 perlem
929 3037 1038 3118 seclis,
1068 3038 1104 3098 in
1131 3037 1241 3117 aliqua
1270 3038 1374 3100 trium.

187 3147 400 3210 communium
416 3147 588 3211 sectionum
607 3143 649 3221 Α,
666 3145 706 3219 Β,
727 3146 760 3220 Θ,
776 3149 870 3210 eliam
887 3147 915 3209 si
927 3147 1075 3210 trahatur
1085 3145 1149 3208 alia
1158 3146 1367 3228 perpendicu-

189 3258 264 3322 laris
282 3255 354 3324 llll
366 3258 408 3322 ad
424 3267 542 3323 rectam
560 3257 591 3321 Β
594 3255 633 3333 G‚·
651 3276 770 3340 semper
787 3259 871 3320 enim
889 3274 974 3320 unus
994 3257 1091 3320 lrium
1113 3255 1239 3321 illarum
1260 3274 1367 3340 anpu-

188 3367 290 3433 larnm
303 3368 490 3452 pradalilur
509 3369 652 3454 beneficia
666 3367 935 3452 perpendicularis
953 3367 1001 3431 acl
1019 3366 1086 3443 ΚΒ,
1105 3369 1154 3433 acl
1171 3367 1243 3436 MN
1256 3369 1367 3444 dueta,

185 3486 307 3554 reclus:
324 3479 402 3544 aller
420 3481 468 3543 vel
485 3481 660 3544 communis
677 3481 736 3543 eril
754 3478 826 3542 dala
844 3477 1006 3560 lrianpula
1024 3480 1221 3563 reclanpulm
1240 3481 1288 3546 uel
1309 3483 1368 3545 uni

185 3588 271 3656 illius
288 3590 406 3672 anpula
423 3591 466 3654 ud
483 3592 630 3655 uerticem
648 3591 822 3673 oppositus:
841 3598 870 3653 el
888 3591 933 3654 sic
949 3592 1125 3655 necessario
1143 3593 1254 3655 leriius
1278 3593 1368 3655 teriia

185 3699 316 3782 apudie
334 3700 542 3783 relinquetur.
561 3700 666 3766 Simili
679 3703 802 3767 ratione
808 3703 955 3784 procedes
967 3705 1003 3767 in
1013 3705 1147 3769 secllanc
1159 3705 1316 3769 communi
1326 3703 1367 3777 Β,

184 3813 214 3876 si
229 3829 288 3894 per
303 3812 434 3876 candum
452 3830 528 3894 apae
545 3812 817 3896 perpendiculares
834 3811 903 3888 Kc,
920 3812 997 3880 MN.
1017 3815 1061 3880 El
1078 3818 1123 3880 sic
1143 3824 1241 3881 lotum
1257 3816 1368 3880 lemma

185 3924 433 4002 demonstratam
448 3932 569 3999 amnes,
588 3925 671 4006 quad
687 3932 756 3988 erar
771 3925 973 4007 propesitum.
