3096 5154
340 345 483 394 cassan
508 344 639 394 tnromo
661 343 741 393 essu
765 302 902 393 ccccmo
926 344 1031 393 socen
1212 329 1277 396 449

95 506 163 555 rem
190 500 252 551 esre
283 483 350 548 lati
377 482 450 546 coni
475 477 540 554 GC,
564 481 694 562 ideaque
713 478 830 544 bullam
847 479 873 542 C
889 481 926 544 in
943 478 976 543 Ε
998 481 1098 544 oisarn
1120 481 1275 561 maiorem

96 597 192 663 multo
214 610 380 677 φρανκε,
403 609 502 672 quam
523 591 618 663 sitin
639 588 674 652 G.
692 587 755 654 Sed
772 590 808 653 de
827 592 875 654 leis
898 591 1041 654 coactius
1059 587 1150 653 aliae.

149 786 151 788 ,
179 704 233 771 Aa
248 705 329 769 nanc
344 719 441 784 porro
461 719 477 764 e
496 701 588 764 citris
618 707 721 764 ortam
748 699 908 781 salaciam
936 717 1045 764 reuoca
1063 707 1093 762 et
1109 699 1194 764 istud
1210 718 1281 780 spe-

93 816 264 889 ctaculum,
289 812 407 895 quode
428 811 520 876 oitris
549 809 684 873 indebite
705 826 727 872 a
748 827 780 872 se
802 809 992 873 distantibus
1021 809 1192 872 enascitur.
1215 806 1282 872 Aut

93 934 178 998 enim
199 928 337 994 nimium
363 923 462 989 dilata
482 919 587 987 Solem
614 922 651 984 in
678 919 797 994 radiae,
826 937 937 1001 eosque
965 920 1051 984 corii
1079 917 1204 992 conde,
1232 917 1283 982 di-

94 1047 254 1123 epeeccmt,
272 1043 331 1100 aut
349 1039 513 1099 contracta
530 1031 626 1094 nimis
648 1029 782 1092 eundem
803 1031 840 1092 in
861 1028 960 1093 nubes
982 1029 1192 1104 condemnante
1212 1047 1284 1111 qua

94 1149 186 1216 ando
204 1144 379 1213 consideres
396 1144 434 1206 in
451 1140 554 1206 allatis
573 1141 753 1213 scnemata,
771 1141 809 1203 in
827 1156 963 1221 quorum
980 1139 1080 1203 altero
1097 1137 1126 1200 A
1145 1139 1285 1221 refertur

95 1258 153 1326 Sol
167 1259 304 1323 misniam
321 1253 504 1336 multatus,
521 1253 558 1316 in
575 1251 674 1315 altero
695 1249 726 1314 B
756 1251 850 1314 nimis
878 1257 1034 1322 arctatus,
1064 1251 1161 1332 inque
1185 1249 1284 1314 nubes

94 1369 296 1436 candicantes
329 1362 588 1446 inaqualiterque
618 1362 802 1426 tenninatae
833 1368 1026 1441 compactus:
1058 1378 1100 1424 ea
1122 1378 1185 1442 quo
1207 1360 1286 1425 illud

95 1481 227 1564 ducisne
244 1475 400 1549 arbitror,
418 1481 456 1537 ut
473 1491 538 1538 non
555 1489 647 1536 nemo
664 1473 702 1534 in
719 1468 791 1535 Sole
808 1488 874 1535 non
896 1469 1153 1533 contemnendam
1170 1471 1287 1536 adoer-

96 1589 171 1655 terit
184 1586 402 1669 asperitatem,
421 1583 458 1647 de
475 1600 541 1664 quo
556 1589 662 1646 menen
679 1581 775 1645 etiam
789 1578 887 1662 paulo
908 1586 988 1660 poet.
1007 1575 1064 1643 Ec
1085 1580 1194 1644 iisdem
1209 1582 1286 1663 san·

96 1697 178 1765 tilue
196 1695 329 1779 auidam
346 1696 383 1759 in
399 1691 488 1760 Nudo
513 1709 575 1756 suo
604 1688 736 1766 Gordia,
765 1689 851 1755 mala
872 1697 903 1753 et
921 1691 1054 1772 procaci
1082 1692 1193 1765 musis,
1222 1693 1286 1758 ima

96 1808 257 1891 inperita,
277 1781 488 1888 experientia,
508 1820 575 1885 qua
592 1801 679 1867 locis
696 1801 785 1865 ‘sidus
795 1798 983 1882 induculam
1001 1795 1286 1865 trisulcamaccen-

98 1919 159 1994 dit,
176 1918 305 2000 necarit
323 1914 426 1979 mellae
443 1913 589 1979 Jcoioles.

187 2025 329 2093 Tertium
347 2025 435 2090 circa
456 2023 598 2088 maeatae
628 2029 772 2087 erratum
797 2021 944 2086 inducere
968 2029 1069 2104 potest
1085 2023 1180 2087 medii
1200 2024 1286 2087 inter

99 2156 156 2204 nos
174 2146 203 2202 et
220 2133 324 2201 Solem
336 2135 433 2217 posin'
449 2135 544 2198 caria
563 2134 733 2216 temperies.
752 2131 799 2196 De
817 2151 880 2214 qua
896 2140 1001 2196 tamen
1014 2133 1093 2215 auid
1109 2149 1287 2216 conquerar

99 2245 317 2329 sincaloriler,
339 2263 405 2310 nan
422 2243 529 2309 dalea.
547 2243 592 2307 ln
609 2242 730 2307 duodus
744 2252 852 2307 autern
866 2245 932 2307 cine
947 2261 1040 2307 suam
1053 2246 1169 2319 saeris,
1187 2244 1287 2309 aliam

99 2356 225 2439 quidem
244 2356 283 2420 in
304 2354 467 2420 calorarulo
492 2351 565 2418 Sole
592 2362 622 2416 et
648 2353 795 2426 maculis,
832 2353 930 2417 aliam
951 2356 987 2417 in
1009 2355 1115 2418 eadem
1136 2355 1185 2419 cel
1207 2373 1287 2420 esca·

101 2465 270 2549 mando,
296 2464 345 2530 cel
368 2463 429 2529 illis
456 2462 714 2546 tremefaciendis.
739 2462 869 2527 Etenim
896 2463 994 2527 nubes
1021 2472 1128 2527 nnues
1149 2454 1287 2528 'maculis

101 2578 262 2660 niororem
277 2582 411 2657 audent,
429 2592 558 2656 oaoores
583 2574 657 2638 lenti
679 2571 762 2637 Solis
786 2573 885 2638 lucem
906 2575 942 2636 in
964 2572 1096 2637 colorem
1113 2572 1286 2646 deducunt,

100 2685 195 2751 iidem
220 2685 312 2750 densi
340 2693 371 2748 et
406 2686 518 2750 oiseosi
544 2684 676 2749 eundem
703 2681 782 2747 nuli
808 2683 1036 2747 candidissima
1058 2685 1094 2747 in
1116 2684 1286 2766 perimetra

99 2814 166 2862 non
182 2795 345 2861 munditer
359 2796 488 2875 oracim
505 2794 699 2869 assimilant,
716 2794 809 2858 iidem
823 2797 918 2876 puri:
940 2795 993 2859 sed
1015 2795 1128 2878 aciscli
1155 2793 1287 2858 eandm

99 2907 136 2970 in
156 2905 334 2988 pertonertc
355 2904 566 2987 multifariam
588 2914 786 2987 exasperant.
813 2903 906 2980 Quod
923 2908 958 2968 in
980 2923 1079 2970 causa
1091 2906 1287 2987 potissimum

100 3017 180 3098 fuit,
198 3023 235 3080 ut
252 3011 335 3078 Solis
350 3014 489 3080 amdam
508 3015 668 3080 nonnuliis
686 3018 781 3080 etiam
796 3018 965 3078 lacunosae
976 3015 1144 3080 videretur.
1155 3013 1220 3078 Sed
1229 3016 1285 3079 doc
1321 3091 1323 3095 v

102 3142 126 3191 a
148 3123 221 3190 solis
248 3126 417 3207 interiectis
435 3126 603 3208 vaporibus
622 3128 659 3190 in
676 3124 780 3190 Solem
797 3125 958 3189 introduci
975 3131 1096 3188 certum
1113 3132 1157 3188 est
1176 3143 1218 3189 ecc
1235 3143 1285 3199 eo,

102 3232 187 3315 cuod
202 3232 306 3300 eodem
323 3243 458 3318 tempore
471 3236 551 3300 disci
566 3235 676 3300 solaris
689 3237 841 3300 terminus
853 3234 908 3297 udi
919 3237 1004 3318 {laus
1014 3234 1198 3317 apparebat,
1210 3253 1285 3301 moa

101 3342 345 3426 redinteoreturr
361 3345 417 3409 ulei
434 3348 569 3428 inteaer,
588 3364 664 3409 macc
688 3344 867 3418 scindatur,
891 3343 984 3425 idque
1007 3344 1287 3411 otcuetcudtnare'c

100 3453 320 3536 fluctuatione,
339 3454 436 3520 donec
452 3465 511 3520 cut
529 3473 657 3538 vapores
676 3455 722 3519 illi
740 3457 919 3537 quiescant,
937 3463 994 3520 aut
1013 3452 1069 3519 Sol
1086 3472 1197 3520 cneus
1211 3457 1286 3522 alti-

101 3563 243 3629 tudinem
258 3565 468 3630 nuridianum
485 3585 526 3631 ecc
544 3567 604 3630 illie
623 3574 776 3648 emerant:
795 3575 861 3630 tum
881 3568 977 3631 etiam
1002 3565 1108 3630 stabili
1119 3568 1285 3649 perfectis·

100 3675 242 3756 sinuque
269 3675 463 3741 rotunditate
482 3679 571 3740 uitet.
591 3676 718 3758 Fiaura
735 3686 841 3742 autem
858 3675 941 3743 Solis
960 3679 995 3741 in
1012 3674 1134 3741 ambitu
1150 3692 1210 3740 suo
1226 3693 1286 3741 oa·

101 3782 239 3849 cidantis
255 3782 388 3865 offertur
406 3785 510 3851 littera
534 3785 567 3850 d.
590 3785 727 3869 Reliqua
743 3788 905 3871 prioribus
924 3787 1057 3851 multum
1073 3793 1151 3850 eunt
1166 3786 1286 3867 affinia.

103 3890 233 3975 Inquies
248 3901 354 3957 autem
372 3896 504 3961 istorum
523 3916 676 3979 vaporum
692 3901 728 3962 in
743 3902 832 3981 ipsae
840 3900 1024 3981 frequenter
1037 3898 1132 3962 etiam
1145 3894 1285 3959 maculae

103 4002 251 4077 multat,-
265 4020 342 4069 nam
359 4015 389 4069 et
404 4007 477 4088 ipsa
494 4027 559 4073 non
574 4026 651 4073 roro
669 4009 821 4073 ebulliunt
838 4006 1062 4090 quodammado
1082 4009 1117 4070 tn
1135 4022 1194 4069 suo
1212 4004 1284 4079 loco,

105 4119 260 4190 mstis
275 4121 306 4177 tl
320 4117 424 4182 notaio
446 4137 544 4200 quam
562 4121 760 4185 nutationem
778 4117 920 4184 oilram:
934 4119 988 4184 sed
1004 4121 1067 4184 dac
1084 4117 1193 4184 omnia
1210 4116 1286 4181 sul·

102 4221 260 4302 jentamen
275 4241 429 4308 vapoream
446 4229 569 4294 malitia
586 4233 782 4314 continuant.

194 4331 240 4398 Iit
264 4337 330 4400 leae
346 4338 473 4419 quidem
490 4349 578 4414 sunt,
598 4359 669 4424 qua
686 4342 782 4422 liujus
800 4340 989 4408 celeberrimi
1002 4341 1202 4423 ndanomeni
1220 4337 1285 4400 cla·

102 4445 233 4514 neuen
248 4445 431 4523 obscurare,
449 4451 613 4514 ceritatem
624 4452 825 4536 labefactare,
836 4456 1004 4523 sanitatem
1014 4455 1139 4537 inficere
1151 4455 1287 4532 quecun·

187 4544 311 4606 Gnaeo
327 4545 567 4608 timum-Tou.
586 4550 635 4607 ΙΙΙ.
1044 4572 1046 4577 <
1098 4553 1132 4606 st
