3096 5154
506 357 545 402 oa
570 357 768 405 conuocatos
792 358 820 402 iu
843 356 922 403 onae
946 357 1033 403 eona
1296 335 1360 401 359

181 493 282 557 lemida
300 493 364 555 aaa
382 492 429 555 vic
450 491 561 572 opidis
584 492 709 555 tandem
727 493 822 555 etiam
845 494 913 573 ipsa
938 492 1124 573 dissipatur,
1155 499 1190 553 ut
1207 492 1360 565 diximus,

179 621 234 667 nec
251 602 405 666 diuturrw
424 609 557 682 tempore
572 610 767 682 perseuerat:
785 603 868 684 quod
896 621 969 666 uero
987 599 1068 665 Sciit
1088 600 1204 664 lumine
1224 609 1361 674 tantum,

179 729 235 775 nec
253 710 329 784 olio,
347 709 555 783 accendatur,
573 710 606 774 id
623 712 659 774 in
676 728 775 774 cauea
792 729 857 774 eece
876 713 1035 783 existimo,
1055 711 1139 793 quod
1155 708 1236 775 Solio
1259 711 1363 774 iumen

178 821 428 904 efficacissimum
449 821 508 893 tit,
532 838 604 884 cum
627 829 733 884 manet
755 838 776 883 a
794 823 899 903 primo
918 821 1033 895 iuriam
1050 822 1164 904 sufficit
1186 828 1292 885 autem
1315 820 1366 883 iu·

178 951 265 1006 men,
283 932 348 995 eioe
366 929 505 993 secundo
523 928 595 1003 luc,
614 931 692 1012 qaia
711 949 748 994 ea
766 932 905 994 maxime
922 939 997 1013 apta
1026 939 1071 994 eet
1089 932 1233 995 omnium
1251 930 1365 995 ociores

179 1043 336 1124 concipere
354 1049 383 1103 et
400 1041 532 1122 reterre,
552 1057 593 1103 ecc
611 1058 674 1121 quo
690 1040 783 1122 focile
802 1042 917 1105 coiorat
931 1051 960 1104 ct
976 1041 1143 1106 coloratur.
1159 1040 1366 1123 Manifestum

179 1161 226 1216 eet
242 1152 276 1215 ici
293 1155 328 1216 in
348 1150 512 1223 coloribus,
531 1153 588 1232 qui
606 1169 678 1214 aum
696 1168 717 1212 a
732 1152 839 1232 prima
857 1151 923 1215 luce
942 1160 970 1215 et
988 1152 1093 1216 radice
1112 1153 1176 1216 sint
1199 1150 1365 1223 illustrati,

181 1280 291 1327 eorum
309 1270 414 1326 tamen
431 1263 544 1344 speeies
564 1263 599 1325 in
617 1261 755 1324 seeundo
773 1263 840 1326 tuce
858 1264 1022 1344 recipitur,
1041 1273 1070 1326 ct
1088 1262 1249 1327 abeodem
1267 1263 1368 1343 reser-

183 1382 254 1447 tur,·
281 1373 421 1454 quinimo
442 1389 508 1435 non
530 1370 631 1437 sotum
654 1370 792 1436 colorum
814 1374 941 1455 speeies,
965 1374 1192 1437 verumetiam
1215 1374 1367 1454 imaoinee

181 1492 214 1548 et
232 1482 314 1548 idota
330 1483 499 1548 christine
518 1483 626 1564 refert,
657 1483 685 1545 ci
704 1501 762 1563 per
784 1491 958 1565 ananelum
985 1484 1129 1565 foramen
1148 1485 1181 1547 in
1200 1483 1369 1548 obscurum

181 1592 482 1658 incommutatum
506 1591 621 1673 suerit,
645 1600 673 1655 ct
703 1594 738 1656 in
763 1592 831 1657 laoi
859 1611 985 1675 corpore
1008 1593 1208 1675 suscipiatur.
1232 1593 1309 1657 Hae
1332 1593 1368 1655 eie

178 1705 335 1788 propuito
351 1701 538 1784 problemate
560 1701 644 1766 dicto
665 1704 745 1777 tint,·
763 1721 845 1784 qua,
876 1703 1054 1768 melioribus
1082 1703 1233 1776 inuentis,
1264 1701 1368 1765 eeacnr

182 1820 213 1875 et
229 1813 445 1878 conticescent.
