3096 5154
503 350 543 395 oo
567 348 773 397 ensnouonss
797 348 826 394 sn
849 348 929 394 osso
954 348 1041 394 eous:
1295 331 1359 401 313

179 511 197 551 u
221 488 396 570 differentes
414 487 450 548 in
472 483 573 550 Terra
591 485 762 550 consideret
781 484 957 567 qualitates.
978 484 1057 549 Cum
1071 487 1170 566 iqitur
1185 489 1256 553 talis
1276 493 1359 572 iqnis

176 624 194 661 u
208 599 422 682 purissimum
436 596 576 678 probeat
606 596 726 670 lumen,
744 599 870 678 ipseque
898 597 933 659 in
961 597 1030 660 sede
1059 597 1186 662 sublimi
1213 603 1358 676 resideat,

176 732 194 769 u
214 708 318 790 ibique
349 707 541 773 naturaliter
570 706 702 779 bobitet,
732 715 867 770 nonest
892 708 1086 788 putandum,
1116 719 1257 775 nostram
1279 714 1360 775 banc

178 820 377 902 »dammam
394 816 609 898 superioribus
627 834 689 879 esse
704 817 910 898 permixtam,
933 817 986 880 ssd
1007 818 1050 881 ad
1077 828 1197 885 certum
1224 826 1362 905 epatium

178 953 195 991 u
211 936 453 1012 percurrentem
468 944 599 1008 prorsus
613 927 774 1008 eatinqui,
794 944 865 989 nere
884 944 981 1007 quom
996 927 1134 1007 piurima
1148 930 1286 995 videlieet
1311 952 1365 997 oc·

177 1063 196 1101 u
215 1047 379 1112 currente,·
393 1037 609 1120 procedentem
627 1054 701 1099 nero
715 1053 793 1116 sape
813 1052 885 1098 cum
901 1043 987 1098 terra
1002 1036 1147 1100 deorsum
1157 1043 1363 1123 precipitari,

179 1173 196 1211 u
218 1151 333 1232 quippe
352 1166 425 1212 cum
441 1147 586 1228 superine
607 1145 825 1209 transcendere
845 1153 991 1225 nequeat,
1011 1144 1065 1207 sed
1089 1146 1247 1213 subsideat
1274 1153 1363 1234 infra

179 1285 198 1322 u
218 1258 361 1334 Lunam,
372 1257 427 1321 ubi
437 1274 543 1320 aerem
553 1263 705 1319 extenuat
714 1256 914 1337 proximum:
925 1272 962 1318 ae
977 1256 1005 1317 si
1021 1267 1150 1320 moneat
1168 1259 1225 1334 ibi,
1236 1262 1366 1344 {lamma

181 1395 199 1434 s
220 1379 301 1436 certe
317 1372 405 1453 sacto
422 1365 565 1431 subtilior
583 1364 688 1428 euadit
706 1373 735 1427 et
753 1365 875 1437 millars
897 1363 1148 1448 splendoremque
1172 1370 1276 1447 babet,
1300 1392 1366 1437 non

179 1503 198 1541 u
219 1479 323 1562 quood
337 1479 493 1561 [eruorem
511 1483 643 1558 speetot,
662 1474 715 1537 sed
729 1482 886 1556 quatenus
904 1491 926 1537 a
944 1477 1100 1556 superiori
1118 1477 1235 1545 lumine
1253 1485 1367 1564 perlu-

179 1614 198 1652 u
217 1597 351 1655 stratur.
368 1583 491 1652 Lmuen
509 1605 583 1652 nero
602 1583 717 1649 coelesle
732 1587 853 1666 partim
870 1585 995 1665 quidem
1009 1588 1102 1650 nario
1116 1590 1240 1654 ratione
1256 1592 1367 1659 distri·

179 1723 197 1763 u
218 1701 328 1765 butum
339 1707 384 1763 est
395 1700 430 1763 in
442 1698 552 1773 stellis,
563 1696 723 1779 inquibus
737 1695 975 1760 tamooulorum
993 1713 1089 1777 quam
1106 1702 1366 1779 maqnitudinum

181 1835 199 1874 u
218 1811 397 1895 differentia
415 1809 585 1891 discrepot;
599 1809 719 1889 parlim
737 1825 810 1872 uero
827 1808 863 1869 in
880 1805 1015 1887 reliquo,
1028 1815 1142 1886 proter
1153 1808 1271 1885 stellas,
1286 1811 1367 1875 Calo

182 1947 200 1985 u
218 1923 314 1988 simili
327 1923 451 1988 ratione
469 1923 568 2001 niqet:
585 1920 643 1982 etsi
661 1920 758 1982 oculis
777 1936 841 1980 non
860 1925 1004 1998 apparet,
1023 1926 1149 1998 propter
1169 1924 1307 2002 eorporis
1321 1932 1368 1986 to-

182 2056 199 2094 u
219 2036 374 2106 unitatem
381 2032 697 2116 perspicuitatemquo
710 2029 850 2110 aspectui
859 2029 988 2090 minime
998 2030 1203 2105 resistentem,
1217 2026 1369 2113 quemad.

183 2165 201 2204 u
220 2142 349 2206 modum
366 2144 402 2206 in
419 2160 481 2207 are
500 2160 625 2223 quoque
638 2161 723 2223 puro
742 2140 905 2220 continqil.
924 2137 1052 2204 Accedit
1070 2141 1113 2204 ad
1131 2143 1194 2206 bac
1210 2145 1369 2209 interualli

186 2274 203 2312 u
223 2253 320 2315 stiam
337 2251 506 2332 lonqiludo.
526 2275 544 2314 u
564 2250 621 2315 Ea
640 2252 753 2333 quibus
777 2252 900 2316 deducit
923 2250 1084 2325 Plotinae,
1115 2254 1163 2317 bis
1193 2256 1369 2320 immediate

185 2361 387 2444 sequentibus
398 2361 512 2438 uerbis,
527 2362 644 2426 Caium
655 2379 718 2426 esse
730 2360 937 2425 imminuibile
949 2368 978 2423 et
989 2362 1240 2444 incorruptibile:
1257 2386 1275 2424 n
1290 2364 1370 2427 Cum

186 2496 205 2534 u
224 2475 332 2555 itaque
351 2472 411 2537 tole
429 2471 533 2537 lumen
550 2475 652 2554 oiqeat
667 2475 702 2536 in
721 2472 854 2546 excelso,
874 2471 930 2535 ubi
947 2480 992 2535 est
1007 2473 1199 2538 naturaiiter
1212 2479 1369 2539 eonstitu-

184 2607 203 2644 u
222 2592 303 2658 tum,
323 2601 445 2666 purum
465 2584 603 2648 uidelicet
625 2586 660 2648 in
677 2583 745 2647 sede
761 2584 949 2665 purissimo,
969 2600 1112 2664 quanam
1129 2585 1182 2647 oia
1197 2591 1297 2665 potest
1316 2585 1370 2646 de-

184 2717 202 2755 »
219 2694 331 2777 {lucus
348 2693 431 2780 sinde
450 2693 541 2761 ⁴ullns
572 2693 732 2758 accidere?
761 2691 870 2774 Neque
898 2695 982 2757 enim
999 2701 1120 2757 natura
1139 2696 1224 2766 talis,
1245 2702 1369 2776 tamque

185 2827 202 2866 u
220 2804 378 2879 sublimis,
395 2821 458 2868 suo
476 2813 583 2886 sponte
602 2805 725 2887 depluit·
744 2821 844 2884 neque
862 2821 976 2867 rursus
992 2813 1037 2868 est
1051 2803 1095 2867 ibi
1109 2806 1294 2886 quicquam,
1309 2824 1371 2886 quo

184 2937 202 2975 u
221 2913 392 2996 impellente
410 2913 558 2978 deorsum
573 2915 796 2996 procipitetur.
817 2911 918 2987 Adde,
938 2916 1022 2995 quod
1039 2934 1129 2978 omrse
1149 2933 1260 2996 corpus
1284 2915 1371 2996 lonqe

188 3048 205 3084 »
225 3042 256 3088 se
284 3023 375 3090 aliter
403 3023 510 3098 babet,
534 3025 662 3105 quondo
680 3025 794 3088 anima
812 3024 1017 3104 conjunctum
1036 3033 1080 3087 est
1099 3032 1154 3087 ete.
1175 3047 1193 3084 u
1212 3023 1256 3086 In
1274 3041 1372 3104 quam

187 3137 373 3199 sententiam
390 3135 510 3200 Plotini
528 3137 622 3199 ceteri
640 3137 736 3198 etiam
754 3134 912 3199 Platonici
925 3135 1048 3214 pariter
1065 3128 1213 3205 veniunt,
1233 3141 1269 3195 ut
1288 3132 1372 3198 Pro·

187 3244 268 3319 ebes,
285 3245 469 3320 lamblicus,
488 3243 664 3327 Susianos,
682 3255 711 3310 et
730 3247 777 3309 itis
796 3245 893 3309 nibilo
911 3246 1045 3325 interior
1072 3243 1223 3307 Bessario
1255 3241 1371 3308 Cardi-

188 3353 271 3419 nolis
288 3353 445 3420 Niconus.
468 3352 578 3430 Quare
592 3365 693 3439 patet,
712 3358 861 3437 antiquos
877 3355 1068 3436 pbilosopbos
1091 3353 1209 3418 Caium
1227 3361 1256 3417 et
1273 3361 1372 3426 ostro,

180 3482 243 3546 per
269 3465 483 3547 noetopboram
511 3467 694 3546 quamdam,
722 3469 815 3548 iquea
831 3466 964 3538 dimissor
981 3472 1011 3528 et
1029 3465 1130 3529 uerbis
1149 3472 1289 3536 tontum,
1309 3481 1374 3526 non

185 3593 296 3650 nasu,
315 3571 514 3640 Aristotelem
530 3576 571 3640 ab
589 3577 650 3640 illis
669 3578 871 3660 discrepasse,
890 3595 963 3641 cum
980 3593 1086 3640 omnes
1105 3577 1140 3637 in
1164 3592 1199 3637 eo
1222 3591 1376 3639 conuene-

185 3683 267 3756 rint,
285 3702 351 3748 nou
368 3702 433 3748 esse
455 3684 574 3750 Caium
591 3689 730 3769 ejusdem
749 3697 874 3753 natura
893 3707 965 3754 cum
983 3689 1031 3752 bis
1049 3683 1273 3769 inferioribus:
1291 3692 1333 3756 et,
1349 3683 1377 3745 si

185 3813 260 3859 eum
273 3793 381 3876 aliquo
396 3813 437 3859 ea
452 3797 501 3860 bis
519 3802 685 3864 conuenire
703 3800 863 3873 uideatur,
883 3802 1038 3881 oquiooee
1056 3797 1237 3867 conuenire,
1256 3802 1286 3856 et
1303 3810 1379 3873 pro-
1415 3791 1418 3803 '

183 3911 292 3984 pterea
309 3904 465 3984 aquiooce
481 3909 603 3987 pariter
621 3910 682 3973 dici
703 3913 845 3991 iqneum,
863 3920 920 3974 out
941 3919 1092 3981 terreum,
1112 3899 1172 3970 oei
1183 3903 1246 3968 alio
1269 3903 1378 3981 aliquo

187 4013 290 4088 modo,
309 4032 374 4096 quo
390 4015 590 4101 abantiquis
607 4022 672 4103 tuit
691 4023 824 4095 dietum·
841 4040 913 4085 oum
931 4022 994 4084 bac
1006 4020 1162 4102 inferiora
1173 4011 1380 4079 omniaortui

189 4129 217 4185 et
234 4125 380 4190 interitui
397 4127 462 4191 sint
481 4128 632 4205 obnoxia,
656 4140 685 4194 et
708 4132 933 4213 cujuscumque
964 4130 1152 4212 corruptiva
1181 4121 1379 4189 alterationis

188 4236 329 4314 mpoeio,
361 4236 481 4303 Colum
507 4250 615 4306 autem
644 4242 762 4306 nuliius
778 4243 966 4329 corruption
980 4238 1179 4306 alterationis
1198 4235 1240 4306 sit
1259 4244 1376 4312 capos,

190 4342 245 4404 sed
267 4362 399 4426 prorsus
429 4351 665 4432 incorruptibile
684 4363 713 4418 et
731 4363 894 4418 aternum.
913 4350 1105 4436 Impossibile
1121 4349 1223 4430 iqitur
1241 4350 1300 4414 est,
1319 4339 1381 4399 boc

188 4453 393 4532 Planomena
411 4461 529 4543 referre
547 4463 589 4526 ad
607 4464 736 4545 aliquod
765 4484 877 4547 corpus
906 4463 1105 4531 alterationis
1135 4473 1254 4539 copon.
1286 4443 1383 4525 blod.

311 4563 432 4624 (insesso
451 4569 568 4626 Geessos
581 4605 608 4612 -
622 4573 693 4630 Tou.
713 4574 763 4630 ΙΙΙ.
1194 4559 1242 4614 20'
