3096 5154
423 339 566 388 parrana
590 339 720 386 mronno
742 339 823 386 nona
846 338 982 387 nuceam
1007 340 1113 392 sonum
1290 324 1354 391 375

180 495 216 550 nt
237 488 335 548 essent
353 480 453 560 maqis
472 480 658 561 conspicua,
674 480 850 559 prasertim
873 484 1001 559 propter
1015 478 1168 560 paeonias
1190 483 1356 561 quasdam,

180 610 249 676 qna
266 590 345 654 olias
363 587 461 652 ocutis
479 606 560 668 oeqre
578 586 691 667 subjici
715 587 897 667 potuissent.
927 584 960 648 Ε
986 586 1092 650 mnitis
1120 605 1197 670 sape
1226 591 1356 655 moeniis

170 701 294 783 porois,
311 716 412 762 unam
425 714 575 778 maqnam
593 695 737 777 conflari,
749 702 784 758 ut
792 696 925 776 proinde
941 696 1085 761 uideatm
1100 715 1167 760 nno
1181 697 1285 780 tanqu,
1301 710 1357 763 out

179 812 273 874 etiam
287 807 465 889 trianquta,
480 808 559 870 sieut
573 808 607 888 fit
621 806 655 868 in
670 805 800 868 maculis
813 802 840 865 Α
855 812 884 868 et
896 803 920 867 C
933 801 995 893 (1),
1007 825 1077 887 qna
1089 815 1194 870 tamen
1203 825 1259 889 per
1270 808 1357 871 tubos

178 920 284 984 muita
301 919 430 983 uirtutis
449 917 686 989 discernuntur,
716 916 797 979 sient
825 935 879 997 eqo
908 917 970 998 [eoi
996 918 1031 980 in
1060 919 1185 982 maenia
1213 916 1258 994 A,
1289 938 1358 1002 qua

180 1029 336 1111 condatur
358 1045 399 1090 aa
418 1025 534 1098 tribum
551 1033 675 1090 otnero
696 1025 777 1090 Cea
796 1027 951 1108 quinque,
981 1025 1013 1088 D
1041 1046 1082 1092 en
1111 1037 1263 1110 quatuor‚·
1279 1049 1359 1113 quas

175 1137 324 1220 proinde,
344 1143 380 1198 nt
398 1143 427 1197 et
441 1135 579 1216 reliquas
602 1135 799 1215 conjunctas,
823 1136 927 1200 unicis
950 1136 1048 1200 literis
1069 1140 1263 1218 oonsiqnani.
1284 1141 1361 1206 Ma·

181 1248 283 1320 onias,
303 1262 372 1327 qua
389 1244 511 1309 easdem
521 1262 641 1326 semper
652 1244 819 1326 adjunctas
830 1247 967 1310 retinent
978 1247 1099 1321 literas,
1111 1266 1231 1331 semper
1238 1251 1361 1315 easdem

182 1373 263 1431 esse,
282 1357 328 1419 ita
339 1363 445 1419 tamen
455 1355 640 1436 apparuisse
651 1363 719 1419 tum
730 1357 812 1418 sieut
819 1357 1015 1438 pinquntnr,
1025 1359 1152 1438 qnando
1165 1360 1361 1441 pinquntur:

183 1467 310 1549 quando
325 1465 441 1547 atiquo
457 1464 588 1529 macuta
606 1483 678 1528 oum
696 1467 763 1529 suis
783 1465 882 1530 literis
900 1485 965 1531 non
981 1467 1114 1549 amptius
1132 1472 1360 1553 appinquntur,
1471 1468 1474 1473 ’

182 1577 253 1642 idias
273 1585 348 1640 tuno
366 1577 402 1640 in
419 1573 491 1640 Sote
508 1591 660 1656 apparere
678 1575 818 1650 desitum
835 1577 961 1657 qnando
989 1595 1062 1641 nero
1089 1577 1161 1641 atio
1189 1597 1261 1642 cnm
1287 1580 1360 1644 atiis

183 1687 280 1751 itteris
297 1687 543 1766 oonsiqnantur.
561 1683 630 1748 idas
658 1702 722 1749 esse
750 1685 829 1749 atius
859 1688 981 1750 noviter
1009 1695 1203 1768 apparentes.
1226 1686 1361 1763 Quando

184 1816 256 1863 nero
274 1796 360 1869 ada,
383 1795 479 1859 nntiis
496 1796 629 1876 siqnata
648 1795 762 1869 titeris,
779 1795 869 1860 moda
886 1797 1067 1878 pinqnntur
1087 1797 1176 1861 modo
1202 1816 1267 1861 non
1283 1801 1362 1879 pin-

183 1916 316 1990 qnntur,
336 1906 405 1970 iitas
423 1912 482 1970 aut
501 1905 839 1980 denominandus,
857 1905 984 1988 qnando
1005 1924 1070 1970 non
1097 1908 1281 1987 siqnantnr,
1304 1917 1361 1970 aut

183 2026 263 2083 sorte
283 2017 383 2102 (qnod
396 2035 476 2099 sape
487 2014 618 2101 accidit)
637 2034 704 2106 non
719 2016 916 2097 apparuisse,
931 2023 1058 2097 propter
1077 2013 1195 2078 Catum
1214 2015 1362 2080 suberos-

134 2117 136 2120 ⁴
183 2128 372 2194 siusoutum:
389 2128 465 2192 tates
483 2128 581 2200 enim,
598 2127 662 2189 nisi
679 2123 750 2190 Sote
765 2125 952 2190 nitidissimo
967 2124 1108 2207 Gaioque
1121 2125 1357 2207 pnrqatissimo,

186 2237 418 2319 conspiciendas
435 2254 468 2301 m
481 2239 609 2301 minime
620 2235 771 2318 probent.
785 2233 817 2298 Ε
818 2243 830 2298 t
843 2238 993 2317 qnoniam
1006 2238 1135 2300 memini
1150 2243 1178 2300 te
1192 2236 1363 2318 atiquando

189 2365 345 2431 quarere,
363 2349 494 2430 quinam
511 2355 611 2411 essent
627 2348 681 2410 isti
699 2345 881 2427 aquitarum
893 2345 986 2428 puiti,
1003 2348 1059 2429 qni
1077 2344 1181 2410 Solem
1197 2355 1284 2411 reeta
1300 2365 1364 2410 an-

186 2459 296 2523 derrnt
314 2459 448 2532 intueri·
467 2458 645 2540 compendia
663 2459 770 2528 etiam,
800 2475 870 2538 qua
890 2457 1115 2527 mathematici,
1145 2457 1202 2536 qni
1222 2457 1363 2537 propriis

185 2571 222 2634 in
243 2576 335 2634 tanta
356 2585 454 2632 eausa
470 2568 567 2632 nentis
589 2586 686 2650 qnam
702 2567 814 2631 ationis
838 2567 959 2632 eredere
980 2566 1118 2639 matum,
1142 2574 1209 2630 tuto
1225 2584 1364 2647 sequan-

184 2686 252 2752 tur,
273 2686 421 2760 enpenm
444 2678 633 2743 monstrato.
662 2677 787 2752 Primo,
810 2675 865 2743 Sot
891 2679 1068 2741 matutinus
1099 2687 1128 2741 et
1154 2679 1363 2758 vespertinus,

182 2791 307 2854 oioinns
325 2791 495 2863 damnanti,
502 2807 561 2871 per
571 2798 720 2871 quartam
734 2791 817 2855 mro
829 2798 952 2872 partem
964 2789 1050 2854 nndo
1064 2788 1146 2862 snio,
1160 2788 1238 2854 bono
1250 2796 1362 2861 tamen

183 2907 309 2982 opertus
326 2908 506 2966 etserenus
524 2909 685 2980 meumque
708 2901 835 2982 impune
858 2901 1020 2981 aspicitur.
1040 2897 1199 2972 Secundo,
1219 2896 1274 2961 Sat
1291 2896 1364 2960 utei-

185 3028 310 3093 ennqne
337 3018 463 3092 opertus
493 3009 623 3084 nebula,
652 3009 701 3073 nei
728 3010 808 3073 nude
839 3008 936 3074 debite
961 3012 1141 3090 perspicua,
1171 3009 1257 3071 nndo
1275 3006 1362 3085 toto,

184 3122 280 3186 satois
298 3121 393 3188 nnis
410 3122 544 3186 uidetur.
567 3121 685 3195 Tertio,
717 3118 773 3184 Sat
801 3119 979 3201 ubieunque
1008 3126 1134 3200 opertus
1160 3136 1219 3198 per
1238 3116 1362 3190 tubum,
1470 3102 1475 3118 ’

180 3239 298 3314 prater
330 3249 503 3296 mnoenum
535 3241 563 3295 et
593 3249 765 3297 oonoaoum
791 3233 910 3296 nitrum
941 3231 1022 3293 nitro
1054 3230 1182 3309 insuper
1204 3226 1362 3309 'utrinque

181 3343 280 3424 piano
308 3342 436 3408 cornino
454 3352 512 3406 ant
528 3342 638 3414 uiridi,
659 3341 770 3418 debite,
797 3358 902 3405 crasso
928 3340 1102 3412 munitum,
1131 3356 1168 3401 ea
1185 3346 1277 3419 parte
1297 3356 1363 3420 qna

183 3453 368 3519 amoenetur
383 3454 505 3527 ocutus,
534 3454 694 3517 indemues
723 3452 873 3516 aduersus
901 3457 1006 3514 seruat
1032 3449 1134 3513 ooutos
1161 3448 1209 3513 oet
1236 3450 1272 3511 in
1295 3450 1363 3529 ipso

182 3565 330 3631 meridie.-
348 3574 377 3630 rt
394 3568 449 3631 doe
467 3566 622 3646 amptius,
640 3567 668 3628 si
685 3565 847 3645 adipsum
863 3561 1032 3626 ooernkum
1059 3562 1177 3624 nitrum
1199 3578 1263 3624 non
1284 3560 1362 3622 satis

183 3684 424 3760 attemperatum
454 3677 616 3741 accesserit
645 3677 680 3738 in
707 3692 779 3738 aero
797 3674 900 3736 tenuis
922 3672 970 3737 net
990 3689 1087 3753 uapor
1118 3669 1166 3732 not
1192 3669 1360 3740 nubecula,

183 3785 287 3853 &tem
301 3787 360 3852 noti
373 3790 477 3853 instar
491 3786 748 3852 subobnmterans.
768 3783 906 3861 Quarto,
920 3781 1002 3848 Satis
1016 3782 1152 3845 intuitus
1166 3779 1362 3843 inchoandus

179 3916 203 3963 a
215 3899 395 3980 perimetra
408 3909 437 3963 et
443 3898 600 3982 paulatim
614 3901 650 3961 in
663 3897 799 3960 medium
813 3905 858 3960 est
873 3895 1073 3964 tondendum,
1086 3892 1189 3972 ibique
1201 3888 1362 3970 paulisper

182 4011 430 4084 tonsurandum:
449 4011 506 4073 tun
524 4011 607 4073 enim
625 4009 832 4072 circumstans
851 4004 978 4069 umbras
998 4022 1063 4067 non
1080 4002 1186 4065 statim
1214 3999 1361 4062 admittit.

183 4116 243 4185 His
260 4140 348 4185 nuno
365 4129 467 4194 utere,
485 4123 609 4202 [ruere3
625 4119 690 4182 alia
708 4117 774 4181 Deo
793 4116 909 4180 notente
927 4123 1106 4198 sequentur.

789 4243 862 4303 Vota.
877 4249 911 4299 m
923 4246 966 4302 dte
980 4245 1109 4302 novembr.
1123 4246 1189 4298 anni
1205 4249 1278 4298 tort.

259 4460 291 4520 tt)
309 4459 387 4512 Vides
403 4463 466 4513 rub.
484 4463 519 4515 vl
536 4462 659 4519 alterins,
676 4463 777 4526 proprio
792 4461 920 4520 tuamen.
1190 4461 1261 4509 Edit.
