3096 5154
177 2160 279 2215 tues'das
292 2157 355 2212 titas
365 2154 437 2209 sedes
447 2150 689 2224 oeeupanttius,ne
701 2166 749 2209 suo
758 2153 837 2224 quast
845 2151 911 2222 iure
921 2147 1083 2206 tenentibus:
1098 2148 1129 2203 in
1141 2159 1260 2217 auaruss
1277 2157 1388 2206 emtum

173 2255 279 2321 (nestra
290 2251 376 2321 pietas
388 2243 619 2320 Auputttuttum
634 2243 765 2303 durarem
776 2251 899 2316 eanptare
911 2249 1006 2300 senata
1028 2247 1079 2296 est:
1101 2254 1165 2295 nass
1182 2254 1245 2294 eum
1264 2243 1388 2300 stellam

174 2359 223 2400 suo
235 2349 349 2414 tempere
362 2346 498 2408 exortam,
514 2355 549 2395 en
562 2341 611 2408 iis,
626 2355 693 2412 quas
709 2338 799 2397 Gnaei
816 2337 949 2404 cometas,
963 2337 1050 2390 nostri
1066 2332 1187 2390 Crinitus
1200 2343 1320 2405 unum,
1329 2337 1389 2394 Ιι-

176 2435 243 2492 lium
257 2433 338 2491 Sidus
352 2434 507 2504 nuncupari
522 2434 666 2496 noluisset,
683 2432 756 2486 irrui
777 2431 828 2487 illa
846 2443 1011 2491 maneseens,
1026 2433 1106 2482 tanta
1119 2425 1283 2496 rupiditatis
1304 2447 1390 2502 epm

176 2529 281 2583 delusit.
300 2526 382 2595 Atqui
403 2526 477 2594 lonps
490 2525 612 2591 seriora,
636 2539 669 2579 as
690 2522 827 2592 feliciora,
842 2520 973 2590 Prtmsps
995 2516 1179 2586 Serenissims,
1205 2517 1388 2580 eelsitudini

176 2627 229 2671 tua
240 2629 379 2685 possumus
392 2615 539 2684 aupurari3
552 2627 617 2668 nans
629 2614 679 2668 niu
692 2611 758 2667 dum
771 2614 801 2668 in
824 2614 905 2667 terris
918 2612 1081 2668 immortalia
1102 2611 1188 2666 animi
1208 2613 1253 2668 tui
1273 2613 1389 2675 &m

175 2708 279 2780 [utaere
299 2711 449 2778 ruperunt,
473 2720 535 2761 eum
556 2707 588 2762 in
610 2706 682 2762 aulis
696 2705 787 2762 lueida
809 2705 899 2762 sidera
921 2719 950 2760 se
970 2719 998 2760 se
1010 2706 1136 2776 offerunt,
1160 2719 1219 2775 pua
1236 2711 1389 2781 sarpam

176 2802 273 2874 linqua
290 2799 524 2873 prestantissimas
542 2799 655 2854 uirtutes
669 2805 729 2855 tuas
743 2799 773 2854 in
786 2813 861 2855 omne
874 2805 975 2870 tempus
994 2784 1155 2868 'nquamum
1168 2812 1202 2852 ae
1224 2796 1387 2862 misirent.

177 2894 222 2950 idn
235 2898 319 2968 ipttur
329 2901 446 2966 quatuor
462 2891 558 2950 Sidera
573 2898 618 2948 tue
632 2891 733 2962 tnstpto
745 2893 848 2946 nomint
861 2899 1010 2958 reservata,
1026 2904 1111 2960 nepne
1124 2889 1174 2946 illa
1185 2889 1217 2944 de
1230 2896 1386 2965 proporro,

177 3003 209 3042 ue
225 2991 313 3043 minus
328 2989 427 3060 insipni
441 2988 621 3042 inerrantium
634 3001 759 3053 numero,
774 2986 820 3039 sed
833 3000 867 3040 en
889 2985 993 3040 illustri
1015 2986 1171 3055 enpantium
1184 2985 1293 3054 ordine,
1316 3004 1387 3058 qum

178 3081 285 3149 quidem
297 3079 450 3149 disparibus
464 3082 536 3135 inter
549 3095 578 3135 se
596 3078 708 3134 motibus
726 3080 829 3134 eiseum
851 3077 925 3132 lovis
948 3076 1053 3130 stellam
1066 3083 1223 3132 catenarum
1236 3078 1386 3137 nobilissi-

178 3185 259 3236 mam,
269 3178 397 3241 tanquam
407 3187 532 3242 permane
544 3173 601 3243 eius
614 3172 766 3244 propenies,
781 3185 877 3226 eureus
890 3185 967 3236 suns,
980 3169 1106 3239 orbesque
1120 3170 1261 3237 conficiunt
1275 3172 1385 3230 estere:

180 3269 234 3317 tate
247 3262 379 3331 mirabili,
393 3265 494 3318 interea
506 3265 569 3320 dum
579 3267 701 3321 unanimi
708 3264 850 3319 eoncordia
863 3263 937 3317 cirea
948 3261 1042 3316 mundi
1053 3269 1185 3328 centrum,
1196 3264 1270 3316 eirea
1283 3262 1385 3322 Solem

179 3370 271 3424 nempe
285 3357 386 3425 ipsum,
400 3358 489 3412 omnia
503 3358 584 3412 simul
596 3359 750 3412 duodecimo
763 3371 867 3426 quoque
880 3369 1068 3424 annomapnas
1078 3355 1270 3409 eomrolutissnes
1285 3354 1385 3413 absol·

179 3455 253 3502 eunt.
270 3446 303 3502 Ut
315 3454 404 3503 autem
411 3449 503 3505 inelito
520 3449 692 3506 celsitudinis
705 3456 757 3502 tua
770 3450 872 3502 nomini
880 3449 1047 3517 praeeteris
1061 3463 1140 3502 nonos
1155 3449 1230 3503 hosce
1244 3446 1384 3505 Planetas

179 3540 353 3608 destinarem,
368 3543 474 3611 ipsemet
490 3539 615 3598 Siderum
632 3537 733 3610 opine
745 3541 895 3610 perspicuis
909 3542 1073 3610 arpumentis
1087 3556 1128 3594 me
1138 3541 1279 3596 admonere
1299 3543 1384 3598 uisus

180 3638 228 3688 est.
245 3631 355 3688 Etenim
368 3635 587 3704 queamdmodum
601 3632 640 3687 isa
656 3630 744 3688 stella
757 3639 893 3702 tamquam
904 3631 970 3686 Jove
983 3632 1065 3702 dipna
1082 3633 1169 3703 proles
1183 3647 1324 3702 nunquam
1340 3635 1384 3690 ais

180 3724 256 3780 illius
266 3726 362 3793 latere,
373 3729 427 3782 nisi
439 3731 534 3797 eatpun
543 3726 694 3795 intervalla,
707 3726 857 3793 disceduni,·
868 3729 906 3783 ita
915 3728 976 3798 quis
985 3728 1088 3799 ipnorm
1098 3726 1275 3792 elementiam,
1287 3729 1385 3786 enims·

179 3820 418 3884 mansuetudinem,
431 3835 533 3875 morum
545 3824 717 3887 suavitatem,
733 3821 801 3891 septi
820 3822 960 3891 sanpuinis
984 3820 1162 3889 splendorem,
1179 3821 1210 3873 in
1224 3818 1382 3874 actionibus

180 3908 356 3978 majestatem,
370 3911 540 3967 authoritatis
558 3920 582 3966 et
596 3913 704 3982 imperii
725 3913 755 3966 s'n
773 3915 841 3968 alios
860 3913 1081 3982 amplitudinem,
1095 3928 1153 3982 pun
1165 3913 1272 3981 quidem
1285 3915 1382 3969 omniu

180 4001 268 4056 intua
278 4001 441 4059 celsitudine
455 4001 508 4058 sibl
521 4002 688 4057 &micilium
700 4020 733 4058 aa
746 4007 832 4059 sedem
844 4004 1017 4072 soluturum,
1032 4007 1103 4076 quis,
1120 4006 1243 4075 inquam,
1257 4007 1379 4076 ipsimae,

182 4093 237 4149 isar
249 4096 339 4150 omnia
351 4111 385 4150 en
398 4096 581 4166 benipnissimn
594 4094 668 4149 Iovis
680 4104 764 4165 astro,
778 4096 923 4151 seeundum
938 4096 1026 4152 Deum
1035 4099 1156 4153 omnium
1170 4098 1298 4153 bonorum
1315 4102 1379 4166 son·

183 4192 246 4252 tem,
262 4189 408 4242 emanare?
425 4187 545 4258 tupiter,
568 4189 693 4257 inquam,
712 4189 830 4256 aprino
847 4185 1018 4244 celsitudinis
1033 4198 1085 4244 tua
1097 4195 1174 4251 ortu,
1191 4191 1311 4246 turbidas
1329 4192 1378 4247 iso-

183 4281 293 4336 risontis
305 4295 414 4351 sapores
424 4280 483 4352 jam
501 4288 695 4353 transpressus,
709 4279 875 4350 mediumque
893 4281 952 4337 celi
971 4283 1108 4336 cardinem
1126 4296 1271 4353 occupans,
1287 4285 1378 4339 orien-
