3096 5154
427 338 569 388 cassans
589 339 722 390 romano
739 341 819 389 noas
839 341 977 391 usccnns
997 345 1103 394 socnsn
1293 331 1358 396 lat

180 483 257 540 utra
285 474 361 539 uitri
383 483 490 556 parts,
517 486 692 558 appareant
717 478 805 543 oculo
829 496 894 543 esse
920 481 955 545 in
980 483 1110 548 sinistro
1131 485 1206 549 uitri
1223 485 1361 567 ejrtsdem

179 585 283 649 latere.
301 581 365 648 Sed
382 585 446 650 bac
463 585 574 651 melius
592 587 628 652 in
644 588 808 651 schematis
827 588 1055 671 intelliasntur,
1073 591 1130 657 ubi
1150 590 1184 655 Ε
1205 603 1360 662 monstrat

178 694 334 780 uamntes
356 695 434 759 vitri
456 701 595 771 tractus,
618 698 675 778 qui
699 704 794 762 totam
815 699 962 783 inficiunt
982 701 1092 782 objecti
1112 703 1258 784 soecumr
1280 706 1363 787 quad

175 812 276 887 patet,
294 807 323 870 si
340 802 446 869 Solem
462 824 522 887 per
537 807 638 872 simile
656 809 775 873 citrum
789 810 825 872 in
835 827 964 873 murum
976 809 1081 875 mrem
1090 812 1138 876 ocl
1149 815 1362 891 transmittas,

178 913 256 979 cela
266 916 364 979 simili
381 916 464 980 uitro
480 917 516 979 in
533 917 667 980 eundem
684 918 824 1001 reflectas
829 940 841 994 ,·
858 921 972 984 etenim
990 928 1054 985 tota
1072 918 1155 986 Solis
1175 925 1279 1006 imaao
1295 926 1363 992 istis

178 1025 332 1101 tractibus
349 1024 525 1108 fluctuabit.
541 1024 641 1090 Haud
658 1026 750 1092 aliter
771 1030 884 1094 accidit
903 1031 938 1093 in
955 1029 1057 1108 oculo,
1079 1032 1207 1114 quando
1223 1052 1283 1116 per
1304 1033 1364 1100 tale

178 1134 299 1199 vitrum
322 1137 494 1218 participat
520 1137 568 1200 rei
596 1138 671 1201 aisa
696 1138 918 1204 simulacrum:
945 1159 986 1205 ea
1008 1159 1070 1223 quo
1092 1144 1187 1207 etiam
1208 1147 1365 1212 rationem

177 1245 361 1319 reddamus,
392 1263 451 1310 cur
475 1244 517 1310 ab
546 1264 634 1328 aqua
655 1256 740 1312 ntota
761 1266 810 1314 res
834 1268 899 1314 non
922 1259 986 1315 tam
1009 1250 1124 1333 bauidc
1146 1254 1362 1336 retlcctantur,

177 1361 273 1436 atque
290 1371 313 1418 a
328 1356 445 1436 quieta.
461 1354 590 1437 Fiaura
608 1355 640 1419 F
654 1356 778 1422 cubibet
793 1357 951 1425 bullarum
965 1378 1136 1442 opacarum
1151 1362 1291 1447 effectus,
1307 1368 1365 1448 aui

178 1483 201 1529 a
216 1466 314 1546 auttis
332 1465 368 1529 in
386 1465 475 1532 oculo
493 1466 721 1542 decidentibus,
740 1476 769 1532 et
787 1486 981 1535 arancarum
999 1470 1177 1537 simulacris
1196 1474 1232 1537 in
1258 1474 1364 1540 circu-

179 1574 217 1639 lis
239 1572 269 1637 A
293 1582 324 1638 et
344 1572 377 1639 Ε
398 1574 612 1658 superioribus
635 1579 805 1659 cupressis,
825 1597 943 1660 parum
963 1579 1093 1654 absunt,
1115 1582 1179 1645 nisi
1200 1584 1284 1665 quod
1309 1584 1365 1649 illa

177 1693 300 1768 rasura
320 1685 415 1768 facilc
437 1685 624 1768 abluantur,
647 1689 711 1752 bac
734 1696 842 1753 autem
861 1689 951 1755 bullis
970 1690 1159 1756 durantibus
1177 1710 1363 1776 numquam.

165 1793 221 1865 ,dn
241 1797 325 1861 uitro
349 1793 555 1880 &apparent
585 1798 676 1863 bulla
699 1799 875 1872 tralucida,
904 1799 1088 1883 diffundunt
1116 1803 1202 1866 enim
1229 1803 1364 1886 sicania

177 1907 280 1972 instar
293 1904 377 1973 Solis
387 1909 485 1990 parci
499 1908 620 1983 radias,
635 1917 665 1973 et
681 1908 832 1991 liquidam
843 1911 994 1976 visionem
1004 1910 1140 1975 multum
1149 1919 1364 1977 remorantur.

178 2018 254 2083 Hac
271 2026 378 2084 anetem
391 2025 562 2102 maeatae
582 2019 674 2084 vitris
698 2022 863 2095 committi,
884 2029 1072 2102 araumento
1092 2029 1167 2086 sunt
1189 2023 1363 2105 sequentia.

177 2127 310 2194 Etenim
325 2128 430 2194 codem
447 2137 581 2212 tempore
599 2128 691 2195 ambo
709 2131 807 2194 unius
822 2131 973 2204 bmninis,
988 2139 1046 2194 aut
1061 2132 1157 2196 etiam
1171 2132 1365 2197 diuersorum

182 2239 345 2304 bominum
361 2238 443 2304 oculi
459 2239 598 2304 uicissim
615 2239 761 2314 adbibiti,
780 2241 816 2304 in
832 2240 913 2304 uitia
930 2239 1037 2305 caum
1056 2240 1152 2322 piam
1176 2241 1365 2315 incurruntr

181 2357 241 2414 aut
258 2366 344 2414 unns
361 2348 410 2414 acl
425 2349 515 2415 ambo
532 2351 716 2432 quorumvis
730 2350 825 2424 oculi,
841 2359 976 2432 tempore
991 2368 1188 2432 ammonens
1202 2352 1239 2415 in
1254 2349 1366 2416 tubum

180 2461 277 2525 istum
293 2459 437 2535 admissi,
456 2461 493 2526 in
510 2461 617 2526 eadem
634 2478 749 2526 rursus
766 2462 847 2525 oitia
862 2459 1058 2542 impinaunt,
1077 2468 1107 2524 et
1121 2459 1239 2537 eodem
1255 2461 1304 2526 aei
1315 2461 1367 2526 di·

180 2588 268 2637 serso
286 2578 436 2655 tempore,
453 2573 483 2638 si
499 2574 585 2638 citra
601 2574 666 2637 ista
688 2592 704 2636 c
727 2571 802 2636 tubo
816 2577 1024 2637 amoveantur
1044 2571 1141 2652 inquo
1170 2568 1271 2634 locum
1299 2569 1366 2634 alia

178 2683 376 2766 intsrantur,
393 2699 459 2748 non
476 2681 610 2764 amplius
627 2691 799 2748 cernentur
814 2700 886 2764 auu
898 2683 1001 2764 prius.
1017 2679 1192 2756 Pratersa,
1208 2682 1237 2746 si
1250 2681 1366 2746 uitiosa

178 2795 241 2859 ista
255 2795 344 2859 citra
356 2794 393 2858 irs
411 2791 486 2858 tubo
502 2800 673 2874 curentur,
692 2793 954 2874 circumacentur
967 2808 1037 2857 una
1051 2809 1123 2857 cum
1136 2791 1227 2874 ipsis,
1241 2796 1364 2856 seruato

177 2904 308 2971 interim
331 2902 442 2970 ordlm
475 2921 609 2969 numero
630 2911 660 2966 et
682 2904 748 2967 situ
769 2911 798 2967 et
829 2902 1063 2984 mannitudine,
1087 2901 1239 2983 prodicta
1257 2899 1365 2982 oban-

179 3022 326 3081 tasmata.
342 3011 503 3096 Amplius,
521 3014 614 3078 tubus
633 3031 654 3078 a
671 3012 742 3080 Sole
760 3031 1018 3096 quaquaversum
1031 3012 1217 3087 alio,etians
1232 3012 1268 3074 in
1278 3026 1363 3091 pur·

179 3124 378 3203 catinianum
394 3125 528 3199 atbera,
544 3124 697 3200 directus,
713 3141 820 3188 mcum
837 3123 935 3204 desert
952 3125 1028 3186 istas
1040 3119 1364 3203 apparitioaeuauad
1387 3113 1389 3117 ’

178 3231 369 3309 mirabilius,
391 3236 420 3298 st'
442 3233 554 3299 tubum
576 3236 612 3299 in
631 3235 804 3317 fenestram
822 3231 992 3298 habitaculi
1015 3233 1063 3295 tui
1080 3238 1154 3296 ants
1173 3239 1201 3296 te
1217 3232 1362 3312 positam

179 3350 240 3409 aut
253 3344 313 3410 sub
329 3345 381 3412 dio
397 3347 433 3410 in
451 3345 622 3410 candidum
628 3347 781 3428 parietem
790 3345 974 3427 proximum
984 3341 1147 3417 obtendas,
1158 3341 1206 3407 ocl
1218 3342 1363 3407 cbartam

178 3452 817 3535 albissimameidemoboertas,intusbcris
830 3463 933 3520 tamen
945 3453 1147 3520 nibilominus
1159 3455 1223 3519 bac
1230 3453 1364 3535 plano-

177 3583 273 3632 mena
292 3569 416 3641 omnia,
444 3574 481 3630 ut
502 3568 605 3649 prius.
634 3565 715 3643 Qua
739 3568 816 3632 satis
842 3584 996 3649 superque
1022 3565 1230 3638 convincunt,
1248 3581 1286 3628 ea
1304 3579 1362 3627 nec

151 3680 156 3689 ’
177 3685 354 3759 asasslata
371 3694 420 3750 re,
439 3694 496 3742 nec
514 3677 556 3742 ab
572 3696 658 3752 aere,
678 3697 734 3743 nee
752 3678 792 3743 ab
810 3679 912 3752 oculo,
932 3677 985 3742 scd
1005 3694 1027 3742 a
1048 3676 1138 3741 sitris
1162 3676 1292 3741 esuriri,
1316 3669 1363 3738 Et

176 3795 215 3853 ut
232 3795 337 3852 ecrtus
354 3803 465 3864 esrom,
485 3796 595 3854 ulrum
614 3791 695 3855 nanc
708 3791 914 3872 phantasiam
933 3789 1021 3854 bullo
1039 3787 1170 3852 lendium
1187 3787 1364 3852 vitrearum

177 3899 347 3982 efficerent,
365 3897 456 3963 alleri
472 3899 575 3981 juata
598 3899 768 3966 nonnullas
790 3911 819 3967 et
840 3918 940 3983 supra
960 3898 1084 3981 aliquas
1107 3894 1247 3982 frustilla
1268 3909 1363 3964 cera,·

179 4016 209 4074 st
227 4011 275 4075 sic
296 4011 407 4075 inueni
424 4009 502 4075 alias
521 4029 543 4076 a
560 4010 711 4095 superlita
732 4030 806 4079 cera
831 4014 960 4095 penitus
989 4012 1152 4092 occupari,
1180 4005 1260 4070 alias
1289 4016 1363 4065 tum

179 4119 285 4186 eadem
291 4119 394 4202 juata
409 4136 442 4185 ss
455 4123 561 4204 posita
579 4139 653 4188 cera
668 4131 794 4188 ostensa
811 4131 961 4188 consucta
977 4120 1157 4188 obtrudere:
1175 4117 1211 4181 in
1229 4130 1293 4196 auo
1309 4107 1365 4175 illa

179 4232 454 4316 miitcentissima
466 4234 545 4298 mibi
559 4242 634 4298 sunt
649 4235 732 4309 sisa,
747 4235 831 4318 quod
846 4233 949 4310 bulla,
964 4232 1044 4301 alias
1060 4233 1107 4298 ita
1117 4226 1213 4296 cuilrs
1225 4231 1262 4291 ut
1272 4235 1364 4301 aspr-

178 4347 263 4406 aum
283 4341 382 4424 {enne
400 4343 582 4427 effucarint,
606 4346 680 4410 sisu
702 4353 779 4411 sunt
800 4345 918 4428 referre
944 4361 1062 4429 maana
1087 4358 1164 4408 sans
1189 4333 1363 4404 carbonum

176 4451 299 4534 tanta·
321 4463 350 4522 et
374 4457 428 4522 boc
453 4457 554 4523 evenit
576 4455 614 4520 ob
641 4459 834 4526 uicinitatem
861 4458 950 4528 buliu
977 4457 1019 4525 ad
1044 4454 1184 4525 oculum,
1212 4444 1268 4526 qui
1294 4449 1364 4501 eam
