<?xml version="1.0" encoding="UTF-8"?>
<!DOCTYPE html PUBLIC "-//W3C//DTD XHTML 1.0 Transitional//EN"
    "http://www.w3.org/TR/xhtml1/DTD/xhtml1-transitional.dtd">
<html xmlns="http://www.w3.org/1999/xhtml" xml:lang="en" lang="en">
 <head>
  <title>
</title>
<meta http-equiv="Content-Type" content="text/html;charset=utf-8" />
  <meta name='ocr-system' content='tesseract 3.04.00' />
  <meta name='ocr-capabilities' content='ocr_page ocr_carea ocr_par ocr_line ocrx_word'/>
</head>
<body>
  <div class='ocr_page' id='page_1' title='image "./leoperedigalile10vivigoog_0164.png"; bbox 0 0 3096 5154; ppageno 0'>
   <div class='ocr_carea' id='block_1_1' title="bbox 912 137 922 198">
    <p class='ocr_par' dir='ltr' id='par_1_1' title="bbox 912 137 922 198">
     <span class='ocr_line' id='line_1_1' title="bbox 912 137 922 198; baseline 0 0"><span class='ocrx_word' id='word_1_1' title='bbox 912 137 922 198; x_wconf 77' lang='lat' dir='ltr'><strong><em>i</em></strong></span> 
     </span>
    </p>
   </div>
   <div class='ocr_carea' id='block_1_2' title="bbox 471 329 1361 415">
    <p class='ocr_par' dir='ltr' id='par_1_2' title="bbox 471 329 1361 415">
     <span class='ocr_line' id='line_1_2' title="bbox 471 329 1361 415; baseline 0.001 -21"><span class='ocrx_word' id='word_1_2' title='bbox 471 346 611 394; x_wconf 80' lang='lat' dir='ltr'><strong><em>ssrrsns</em></strong></span> <span class='ocrx_word' id='word_1_3' title='bbox 636 346 730 394; x_wconf 76' lang='lat' dir='ltr'><strong><em>susus</em></strong></span> <span class='ocrx_word' id='word_1_4' title='bbox 754 346 933 395; x_wconf 75' lang='lat' dir='ltr'><strong><em>soorusnzs</em></strong></span> <span class='ocrx_word' id='word_1_5' title='bbox 958 345 1068 392; x_wconf 75' lang='lat' dir='ltr'><strong><em>cunnus</em></strong></span> <span class='ocrx_word' id='word_1_6' title='bbox 1299 329 1361 415; x_wconf 67' lang='grc'><strong><em>145</em></strong></span> 
     </span>
    </p>
   </div>
   <div class='ocr_carea' id='block_1_3' title="bbox 134 481 1462 4422">
    <p class='ocr_par' dir='ltr' id='par_1_3' title="bbox 134 481 1364 565">
     <span class='ocr_line' id='line_1_3' title="bbox 134 481 1364 565; baseline 0.001 -14"><span class='ocrx_word' id='word_1_7' title='bbox 134 490 141 551; x_wconf 88' lang='grc' dir='ltr'>Ι</span> <span class='ocrx_word' id='word_1_8' title='bbox 265 481 453 565; x_wconf 68' lang='lat' dir='ltr'><strong><em>dequibus</em></strong></span> <span class='ocrx_word' id='word_1_9' title='bbox 470 482 617 548; x_wconf 80' lang='lat' dir='ltr'><strong><em>orunilus</em></strong></span> <span class='ocrx_word' id='word_1_10' title='bbox 635 481 792 547; x_wconf 78' lang='lat' dir='ltr'><strong><em>corollarii</em></strong></span> <span class='ocrx_word' id='word_1_11' title='bbox 820 484 883 548; x_wconf 89' lang='lat' dir='ltr'><strong><em>loco</em></strong></span> <span class='ocrx_word' id='word_1_12' title='bbox 910 482 944 546; x_wconf 86' lang='lat' dir='ltr'><strong><em>id</em></strong></span> <span class='ocrx_word' id='word_1_13' title='bbox 970 482 1180 564; x_wconf 72' lang='lat' dir='ltr'><strong><em>efficiendum,</em></strong></span> <span class='ocrx_word' id='word_1_14' title='bbox 1208 488 1292 565; x_wconf 89' lang='lat' dir='ltr'><strong><em>quod</em></strong></span> <span class='ocrx_word' id='word_1_15' title='bbox 1313 506 1364 552; x_wconf 89' lang='lat' dir='ltr'><strong><em>se·</em></strong></span> 
     </span>
    </p>

    <p class='ocr_par' dir='ltr' id='par_1_4' title="bbox 134 590 1363 678">
     <span class='ocr_line' id='line_1_4' title="bbox 134 590 1363 678; baseline 0.002 -18"><span class='ocrx_word' id='word_1_16' title='bbox 134 594 139 660; x_wconf 96' lang='grc' dir='ltr'>Ι</span> <span class='ocrx_word' id='word_1_17' title='bbox 178 593 281 662; x_wconf 80' lang='lat' dir='ltr'><strong><em>cundo</em></strong></span> <span class='ocrx_word' id='word_1_18' title='bbox 296 594 360 659; x_wconf 90' lang='lat' dir='ltr'><strong><em>loco</em></strong></span> <span class='ocrx_word' id='word_1_19' title='bbox 371 595 595 677; x_wconf 87' lang='lat' dir='ltr'><strong><em>promiseram,</em></strong></span> <span class='ocrx_word' id='word_1_20' title='bbox 611 590 723 657; x_wconf 84' lang='lat' dir='ltr'><strong><em>Gulilei</em></strong></span> <span class='ocrx_word' id='word_1_21' title='bbox 736 594 851 658; x_wconf 88' lang='lat' dir='ltr'><strong><em>scilicet</em></strong></span> <span class='ocrx_word' id='word_1_22' title='bbox 865 591 1174 671; x_wconf 85' lang='lat' dir='ltr'><strong><em>demonstrationem,</em></strong></span> <span class='ocrx_word' id='word_1_23' title='bbox 1192 596 1277 676; x_wconf 93' lang='lat' dir='ltr'><strong><em>quod</em></strong></span> <span class='ocrx_word' id='word_1_24' title='bbox 1285 615 1363 678; x_wconf 90' lang='lat' dir='ltr'><strong><em>pace</em></strong></span> 
     </span>
    </p>

    <p class='ocr_par' dir='ltr' id='par_1_5' title="bbox 134 702 1425 2217">
     <span class='ocr_line' id='line_1_5' title="bbox 134 702 1365 786; baseline -0.004 -11"><span class='ocrx_word' id='word_1_25' title='bbox 134 720 136 735; x_wconf 90' lang='lat'>&#39;</span> <span class='ocrx_word' id='word_1_26' title='bbox 178 707 261 774; x_wconf 84' lang='lat' dir='ltr'><strong><em>lauti</em></strong></span> <span class='ocrx_word' id='word_1_27' title='bbox 284 707 351 772; x_wconf 84' lang='lat' dir='ltr'><strong><em>Viri</em></strong></span> <span class='ocrx_word' id='word_1_28' title='bbox 368 706 488 770; x_wconf 91' lang='lat' dir='ltr'><strong><em>dictum</em></strong></span> <span class='ocrx_word' id='word_1_29' title='bbox 506 705 562 780; x_wconf 88' lang='lat' dir='ltr'><strong><em>sit,</em></strong></span> <span class='ocrx_word' id='word_1_30' title='bbox 579 721 710 786; x_wconf 80' lang='lat' dir='ltr'><strong><em>prorsus</em></strong></span> <span class='ocrx_word' id='word_1_31' title='bbox 728 705 858 768; x_wconf 90' lang='lat' dir='ltr'><strong><em>inanern</em></strong></span> <span class='ocrx_word' id='word_1_32' title='bbox 881 703 991 766; x_wconf 84' lang='lat' dir='ltr'><strong><em>uideri.</em></strong></span> <span class='ocrx_word' id='word_1_33' title='bbox 1012 702 1093 767; x_wconf 80' lang='lat' dir='ltr'><strong><em>dum</em></strong></span> <span class='ocrx_word' id='word_1_34' title='bbox 1109 706 1207 780; x_wconf 87' lang='lat' dir='ltr'><strong><em>enim,</em></strong></span> <span class='ocrx_word' id='word_1_35' title='bbox 1227 713 1264 769; x_wconf 86' lang='lat' dir='ltr'><strong><em>ul</em></strong></span> <span class='ocrx_word' id='word_1_36' title='bbox 1281 707 1365 771; x_wconf 86' lang='lat' dir='ltr'><strong><em>oidi-</em></strong></span> 
     </span>
     <span class='ocr_line' id='line_1_6' title="bbox 176 813 1366 896; baseline -0.002 -13"><span class='ocrx_word' id='word_1_37' title='bbox 176 819 249 894; x_wconf 80' lang='lat' dir='ltr'><strong><em>ute,</em></strong></span> <span class='ocrx_word' id='word_1_38' title='bbox 268 826 334 882; x_wconf 89' lang='lat' dir='ltr'><strong><em>tota</em></strong></span> <span class='ocrx_word' id='word_1_39' title='bbox 349 816 413 881; x_wconf 76' lang='lat' dir='ltr'><strong><em>lae</em></strong></span> <span class='ocrx_word' id='word_1_40' title='bbox 427 816 583 879; x_wconf 84' lang='lat' dir='ltr'><strong><em>nsontium</em></strong></span> <span class='ocrx_word' id='word_1_41' title='bbox 593 813 728 879; x_wconf 76' lang='lat' dir='ltr'><strong><em>altitudo</em></strong></span> <span class='ocrx_word' id='word_1_42' title='bbox 737 814 871 894; x_wconf 88' lang='lat' dir='ltr'><strong><em>petenda</em></strong></span> <span class='ocrx_word' id='word_1_43' title='bbox 884 815 925 876; x_wconf 86' lang='lat' dir='ltr'><strong><em>sil</em></strong></span> <span class='ocrx_word' id='word_1_44' title='bbox 936 831 979 877; x_wconf 83' lang='lat' dir='ltr'><strong><em>ea</em></strong></span> <span class='ocrx_word' id='word_1_45' title='bbox 993 831 1139 887; x_wconf 73' lang='lat' dir='ltr'><strong><em>excessu,</em></strong></span> <span class='ocrx_word' id='word_1_46' title='bbox 1151 833 1214 896; x_wconf 93' lang='lat' dir='ltr'><strong><em>quo</em></strong></span> <span class='ocrx_word' id='word_1_47' title='bbox 1227 818 1366 882; x_wconf 86' lang='lat' dir='ltr'><strong><em>eminent</em></strong></span> 
     </span>
     <span class='ocr_line' id='line_1_7' title="bbox 176 922 1365 1010; baseline -0.001 -17"><span class='ocrx_word' id='word_1_48' title='bbox 176 925 391 993; x_wconf 71' lang='lat' dir='ltr'><strong><em>retrusum</em></strong></span> <span class='ocrx_word' id='word_1_49' title='bbox 411 924 691 998; x_wconf 86' lang='lat' dir='ltr'><strong><em>semidiametrum,</em></strong></span> <span class='ocrx_word' id='word_1_50' title='bbox 721 923 932 1005; x_wconf 71' lang='lat' dir='ltr'><strong><em>undequaque</em></strong></span> <span class='ocrx_word' id='word_1_51' title='bbox 960 925 1062 1005; x_wconf 89' lang='lat' dir='ltr'><strong><em>ipsam</em></strong></span> <span class='ocrx_word' id='word_1_52' title='bbox 1090 922 1231 1002; x_wconf 80' lang='lat' dir='ltr'><strong><em>Lunam,</em></strong></span> <span class='ocrx_word' id='word_1_53' title='bbox 1261 936 1365 1010; x_wconf 90' lang='lat' dir='ltr'><strong><em>utpote</em></strong></span> 
     </span>
     <span class='ocr_line' id='line_1_8' title="bbox 177 1031 1366 1119; baseline 0.003 -18"><span class='ocrx_word' id='word_1_54' title='bbox 177 1037 366 1119; x_wconf 82' lang='lat' dir='ltr'><strong><em>tplraricum</em></strong></span> <span class='ocrx_word' id='word_1_55' title='bbox 383 1054 510 1117; x_wconf 82' lang='lat' dir='ltr'><strong><em>eorpus,</em></strong></span> <span class='ocrx_word' id='word_1_56' title='bbox 527 1035 750 1110; x_wconf 88' lang='lat' dir='ltr'><strong><em>dimetientem;</em></strong></span> <span class='ocrx_word' id='word_1_57' title='bbox 770 1031 911 1098; x_wconf 84' lang='lat' dir='ltr'><strong><em>Galileus</em></strong></span> <span class='ocrx_word' id='word_1_58' title='bbox 926 1053 999 1098; x_wconf 86' lang='lat' dir='ltr'><strong><em>uero</em></strong></span> <span class='ocrx_word' id='word_1_59' title='bbox 1014 1053 1084 1098; x_wconf 89' lang='lat' dir='ltr'><strong><em>eam</em></strong></span> <span class='ocrx_word' id='word_1_60' title='bbox 1101 1036 1366 1105; x_wconf 87' lang='lat' dir='ltr'><strong><em>semidiametrum</em></strong></span> 
     </span>
     <span class='ocr_line' id='line_1_9' title="bbox 178 1145 1366 1235; baseline 0.006 -26"><span class='ocrx_word' id='word_1_61' title='bbox 178 1146 327 1227; x_wconf 86' lang='lat' dir='ltr'><strong><em>accipiat,</em></strong></span> <span class='ocrx_word' id='word_1_62' title='bbox 346 1164 402 1209; x_wconf 92' lang='lat' dir='ltr'><strong><em>nec</em></strong></span> <span class='ocrx_word' id='word_1_63' title='bbox 416 1146 513 1209; x_wconf 87' lang='lat' dir='ltr'><strong><em>aliam</em></strong></span> <span class='ocrx_word' id='word_1_64' title='bbox 531 1147 669 1227; x_wconf 86' lang='lat' dir='ltr'><strong><em>accipere</em></strong></span> <span class='ocrx_word' id='word_1_65' title='bbox 687 1147 797 1227; x_wconf 88' lang='lat' dir='ltr'><strong><em>possit,</em></strong></span> <span class='ocrx_word' id='word_1_66' title='bbox 816 1162 915 1226; x_wconf 89' lang='lat' dir='ltr'><strong><em>quam</em></strong></span> <span class='ocrx_word' id='word_1_67' title='bbox 930 1163 1000 1226; x_wconf 87' lang='lat' dir='ltr'><strong><em>qua</em></strong></span> <span class='ocrx_word' id='word_1_68' title='bbox 1014 1147 1051 1208; x_wconf 92' lang='lat' dir='ltr'><strong><em>in</em></strong></span> <span class='ocrx_word' id='word_1_69' title='bbox 1061 1145 1157 1226; x_wconf 88' lang='lat' dir='ltr'><strong><em>plena</em></strong></span> <span class='ocrx_word' id='word_1_70' title='bbox 1170 1146 1271 1214; x_wconf 85' lang='lat' dir='ltr'><strong><em>Luna</em></strong></span> <span class='ocrx_word' id='word_1_71' title='bbox 1284 1153 1366 1235; x_wconf 69' lang='lat' dir='ltr'><strong><em>faeie</em></strong></span> 
     </span>
     <span class='ocr_line' id='line_1_10' title="bbox 177 1254 1367 1339; baseline 0.006 -19"><span class='ocrx_word' id='word_1_72' title='bbox 177 1263 352 1339; x_wconf 67' lang='lat' dir='ltr'><strong><em>spectatum</em></strong></span> <span class='ocrx_word' id='word_1_73' title='bbox 363 1257 426 1320; x_wconf 76' lang='lat' dir='ltr'><strong><em>lias</em></strong></span> <span class='ocrx_word' id='word_1_74' title='bbox 437 1273 509 1320; x_wconf 88' lang='lat' dir='ltr'><strong><em>uero</em></strong></span> <span class='ocrx_word' id='word_1_75' title='bbox 523 1256 760 1328; x_wconf 86' lang='lat' dir='ltr'><strong><em>semidiametcr,</em></strong></span> <span class='ocrx_word' id='word_1_76' title='bbox 774 1273 816 1318; x_wconf 81' lang='lat' dir='ltr'><strong><em>ea</em></strong></span> <span class='ocrx_word' id='word_1_77' title='bbox 826 1254 911 1319; x_wconf 87' lang='lat' dir='ltr'><strong><em>illius</em></strong></span> <span class='ocrx_word' id='word_1_78' title='bbox 924 1259 1089 1330; x_wconf 85' lang='lat' dir='ltr'><strong><em>sententia,</em></strong></span> <span class='ocrx_word' id='word_1_79' title='bbox 1103 1259 1200 1322; x_wconf 87' lang='lat' dir='ltr'><strong><em>etiarn</em></strong></span> <span class='ocrx_word' id='word_1_80' title='bbox 1211 1264 1367 1326; x_wconf 87' lang='lat' dir='ltr'><strong><em>montium</em></strong></span> 
     </span>
     <span class='ocr_line' id='line_1_11' title="bbox 180 1366 1367 1449; baseline 0.006 -19"><span class='ocrx_word' id='word_1_81' title='bbox 180 1366 310 1430; x_wconf 78' lang='lat' dir='ltr'><strong><em>uertices</em></strong></span> <span class='ocrx_word' id='word_1_82' title='bbox 341 1366 593 1448; x_wconf 78' lang='lat' dir='ltr'><strong><em>comprehendat:</em></strong></span> <span class='ocrx_word' id='word_1_83' title='bbox 625 1366 698 1429; x_wconf 81' lang='lat' dir='ltr'><strong><em>linc</em></strong></span> <span class='ocrx_word' id='word_1_84' title='bbox 728 1366 858 1429; x_wconf 90' lang='lat' dir='ltr'><strong><em>omnino</em></strong></span> <span class='ocrx_word' id='word_1_85' title='bbox 886 1368 1064 1449; x_wconf 72' lang='lat' dir='ltr'><strong><em>conficitur,</em></strong></span> <span class='ocrx_word' id='word_1_86' title='bbox 1097 1386 1171 1431; x_wconf 90' lang='lat' dir='ltr'><strong><em>eum</em></strong></span> <span class='ocrx_word' id='word_1_87' title='bbox 1202 1369 1367 1436; x_wconf 87' lang='lat' dir='ltr'><strong><em>lunarium</em></strong></span> 
     </span>
     <span class='ocr_line' id='line_1_12' title="bbox 180 1475 1368 1550; baseline 0.007 -11"><span class='ocrx_word' id='word_1_88' title='bbox 180 1475 336 1539; x_wconf 83' lang='lat' dir='ltr'><strong><em>montium</em></strong></span> <span class='ocrx_word' id='word_1_89' title='bbox 354 1475 566 1550; x_wconf 87' lang='lat' dir='ltr'><strong><em>altitudinem,</em></strong></span> <span class='ocrx_word' id='word_1_90' title='bbox 584 1477 648 1540; x_wconf 88' lang='lat' dir='ltr'><strong><em>sine</em></strong></span> <span class='ocrx_word' id='word_1_91' title='bbox 667 1492 829 1539; x_wconf 78' lang='lat' dir='ltr'><strong><em>excessum</em></strong></span> <span class='ocrx_word' id='word_1_92' title='bbox 847 1493 956 1539; x_wconf 91' lang='lat' dir='ltr'><strong><em>eorum</em></strong></span> <span class='ocrx_word' id='word_1_93' title='bbox 978 1485 1073 1541; x_wconf 81' lang='lat' dir='ltr'><strong><em>extra</em></strong></span> <span class='ocrx_word' id='word_1_94' title='bbox 1100 1479 1368 1547; x_wconf 88' lang='lat' dir='ltr'><strong><em>semidiametrum</em></strong></span> 
     </span>
     <span class='ocr_line' id='line_1_13' title="bbox 181 1580 1368 1667; baseline 0.008 -19"><span class='ocrx_word' id='word_1_95' title='bbox 181 1580 297 1660; x_wconf 80' lang='lat' dir='ltr'><strong><em>Luna,</em></strong></span> <span class='ocrx_word' id='word_1_96' title='bbox 311 1583 398 1648; x_wconf 80' lang='lat' dir='ltr'><strong><em>nudo</em></strong></span> <span class='ocrx_word' id='word_1_97' title='bbox 411 1584 499 1650; x_wconf 70' lang='lat' dir='ltr'><strong><em>mdo</em></strong></span> <span class='ocrx_word' id='word_1_98' title='bbox 512 1602 598 1667; x_wconf 77' lang='lat' dir='ltr'><strong><em>porse</em></strong></span> <span class='ocrx_word' id='word_1_99' title='bbox 613 1584 808 1666; x_wconf 72' lang='lat' dir='ltr'><strong><em>diqnosceres</em></strong></span> <span class='ocrx_word' id='word_1_100' title='bbox 827 1587 980 1666; x_wconf 87' lang='lat' dir='ltr'><strong><em>quoniam</em></strong></span> <span class='ocrx_word' id='word_1_101' title='bbox 994 1588 1019 1650; x_wconf 90' lang='lat' dir='ltr'><strong><em>ii</em></strong></span> <span class='ocrx_word' id='word_1_102' title='bbox 1032 1595 1168 1663; x_wconf 87' lang='lat' dir='ltr'><strong><em>montes,</em></strong></span> <span class='ocrx_word' id='word_1_103' title='bbox 1188 1599 1225 1654; x_wconf 89' lang='lat' dir='ltr'><strong><em>ut</em></strong></span> <span class='ocrx_word' id='word_1_104' title='bbox 1239 1596 1368 1658; x_wconf 88' lang='lat' dir='ltr'><strong><em>omnino</em></strong></span> 
     </span>
     <span class='ocr_line' id='line_1_14' title="bbox 180 1694 1369 1783; baseline 0.007 -24"><span class='ocrx_word' id='word_1_105' title='bbox 180 1713 223 1760; x_wconf 83' lang='lat' dir='ltr'><strong><em>ea</em></strong></span> <span class='ocrx_word' id='word_1_106' title='bbox 237 1694 321 1759; x_wconf 87' lang='lat' dir='ltr'><strong><em>illius</em></strong></span> <span class='ocrx_word' id='word_1_107' title='bbox 336 1698 492 1761; x_wconf 89' lang='lat' dir='ltr'><strong><em>sententia</em></strong></span> <span class='ocrx_word' id='word_1_108' title='bbox 503 1696 697 1779; x_wconf 76' lang='lat' dir='ltr'><strong><em>efficiendum</em></strong></span> <span class='ocrx_word' id='word_1_109' title='bbox 711 1703 770 1771; x_wconf 89' lang='lat' dir='ltr'><strong><em>est,</em></strong></span> <span class='ocrx_word' id='word_1_110' title='bbox 785 1704 879 1759; x_wconf 83' lang='lat' dir='ltr'><strong><em>cetra</em></strong></span> <span class='ocrx_word' id='word_1_111' title='bbox 888 1697 1156 1763; x_wconf 85' lang='lat' dir='ltr'><strong><em>semidiametrum</em></strong></span> <span class='ocrx_word' id='word_1_112' title='bbox 1166 1717 1369 1783; x_wconf 89' lang='lat' dir='ltr'><strong><em>nequaquam</em></strong></span> 
     </span>
     <span class='ocr_line' id='line_1_15' title="bbox 179 1805 1425 1892; baseline 0.004 -22"><span class='ocrx_word' id='word_1_113' title='bbox 179 1807 332 1881; x_wconf 88' lang='lat' dir='ltr'><strong><em>eminent,</em></strong></span> <span class='ocrx_word' id='word_1_114' title='bbox 351 1806 405 1871; x_wconf 89' lang='lat' dir='ltr'><strong><em>sed</em></strong></span> <span class='ocrx_word' id='word_1_115' title='bbox 420 1825 458 1871; x_wconf 91' lang='lat' dir='ltr'><strong><em>ea</em></strong></span> <span class='ocrx_word' id='word_1_116' title='bbox 476 1806 697 1872; x_wconf 89' lang='lat' dir='ltr'><strong><em>includuntur.</em></strong></span> <span class='ocrx_word' id='word_1_117' title='bbox 715 1805 808 1872; x_wconf 79' lang='lat' dir='ltr'><strong><em>Mitto</em></strong></span> <span class='ocrx_word' id='word_1_118' title='bbox 825 1807 999 1870; x_wconf 87' lang='lat' dir='ltr'><strong><em>etiamalio</em></strong></span> <span class='ocrx_word' id='word_1_119' title='bbox 1014 1810 1251 1892; x_wconf 85' lang='lat' dir='ltr'><strong><em>quamplurima</em></strong></span> <span class='ocrx_word' id='word_1_120' title='bbox 1268 1829 1369 1892; x_wconf 84' lang='lat' dir='ltr'><strong><em>arqu-</em></strong></span> <span class='ocrx_word' id='word_1_121' title='bbox 1423 1847 1425 1851; x_wconf 57' lang='lat'>&gt;</span> 
     </span>
     <span class='ocr_line' id='line_1_16' title="bbox 179 1907 1366 1998; baseline 0.004 -18"><span class='ocrx_word' id='word_1_122' title='bbox 179 1926 359 1982; x_wconf 85' lang='lat' dir='ltr'><strong><em>osculorum</em></strong></span> <span class='ocrx_word' id='word_1_123' title='bbox 376 1916 437 1981; x_wconf 91' lang='lat' dir='ltr'><strong><em>tela</em></strong></span> <span class='ocrx_word' id='word_1_124' title='bbox 454 1919 490 1982; x_wconf 94' lang='lat' dir='ltr'><strong><em>in</em></strong></span> <span class='ocrx_word' id='word_1_125' title='bbox 508 1935 581 1980; x_wconf 90' lang='lat' dir='ltr'><strong><em>eum</em></strong></span> <span class='ocrx_word' id='word_1_126' title='bbox 598 1907 782 1988; x_wconf 82' lang='lat' dir='ltr'><strong><em>immittere,</em></strong></span> <span class='ocrx_word' id='word_1_127' title='bbox 812 1933 852 1978; x_wconf 89' lang='lat' dir='ltr'><strong><em>ne</em></strong></span> <span class='ocrx_word' id='word_1_128' title='bbox 870 1923 928 1978; x_wconf 88' lang='lat' dir='ltr'><strong><em>aul</em></strong></span> <span class='ocrx_word' id='word_1_129' title='bbox 951 1914 1057 1980; x_wconf 90' lang='lat' dir='ltr'><strong><em>aliena</em></strong></span> <span class='ocrx_word' id='word_1_130' title='bbox 1074 1919 1181 1998; x_wconf 89' lang='lat' dir='ltr'><strong><em>potius</em></strong></span> <span class='ocrx_word' id='word_1_131' title='bbox 1205 1918 1366 1994; x_wconf 88' lang='lat' dir='ltr'><strong><em>insectari,</em></strong></span> 
     </span>
     <span class='ocr_line' id='line_1_17' title="bbox 180 2025 1368 2110; baseline 0.006 -21"><span class='ocrx_word' id='word_1_132' title='bbox 180 2044 278 2107; x_wconf 90' lang='lat' dir='ltr'><strong><em>quam</em></strong></span> <span class='ocrx_word' id='word_1_133' title='bbox 295 2035 405 2091; x_wconf 88' lang='lat' dir='ltr'><strong><em>nostra</em></strong></span> <span class='ocrx_word' id='word_1_134' title='bbox 423 2030 623 2110; x_wconf 75' lang='lat' dir='ltr'><strong><em>confirmare,</em></strong></span> <span class='ocrx_word' id='word_1_135' title='bbox 643 2033 715 2098; x_wconf 92' lang='lat' dir='ltr'><strong><em>unt,</em></strong></span> <span class='ocrx_word' id='word_1_136' title='bbox 734 2043 791 2106; x_wconf 88' lang='lat' dir='ltr'><strong><em>pro</em></strong></span> <span class='ocrx_word' id='word_1_137' title='bbox 811 2025 896 2090; x_wconf 74' lang='lat' dir='ltr'><strong><em>brem</em></strong></span> <span class='ocrx_word' id='word_1_138' title='bbox 923 2027 1144 2091; x_wconf 77' lang='lat' dir='ltr'><strong><em>mathematica</em></strong></span> <span class='ocrx_word' id='word_1_139' title='bbox 1172 2029 1368 2096; x_wconf 83' lang='lat' dir='ltr'><strong><em>demonstra·</em></strong></span> 
     </span>
     <span class='ocr_line' id='line_1_18' title="bbox 183 2134 1368 2217; baseline 0.004 -19"><span class='ocrx_word' id='word_1_140' title='bbox 183 2137 281 2208; x_wconf 88' lang='lat' dir='ltr'><strong><em>tione,</em></strong></span> <span class='ocrx_word' id='word_1_141' title='bbox 309 2135 551 2217; x_wconf 74' lang='lat' dir='ltr'><strong><em>quincuplicem</em></strong></span> <span class='ocrx_word' id='word_1_142' title='bbox 584 2134 804 2216; x_wconf 71' lang='lat' dir='ltr'><strong><em>prolixamque</em></strong></span> <span class='ocrx_word' id='word_1_143' title='bbox 836 2135 1075 2216; x_wconf 87' lang='lat' dir='ltr'><strong><em>disputationem</em></strong></span> <span class='ocrx_word' id='word_1_144' title='bbox 1100 2138 1243 2202; x_wconf 71' lang='lat' dir='ltr'><strong><em>indum</em></strong></span> <span class='ocrx_word' id='word_1_145' title='bbox 1266 2141 1368 2204; x_wconf 89' lang='lat' dir='ltr'><strong><em>locum</em></strong></span> 
     </span>
    </p>

    <p class='ocr_par' dir='ltr' id='par_1_6' title="bbox 137 2242 1367 2435">
     <span class='ocr_line' id='line_1_19' title="bbox 137 2242 1367 2331; baseline 0.006 -24"><span class='ocrx_word' id='word_1_146' title='bbox 137 2268 158 2277; x_wconf 89' lang='lat'><strong><em>··</em></strong></span> <span class='ocrx_word' id='word_1_147' title='bbox 182 2251 278 2307; x_wconf 79' lang='lat' dir='ltr'><strong><em>entra</em></strong></span> <span class='ocrx_word' id='word_1_148' title='bbox 291 2262 359 2308; x_wconf 85' lang='lat' dir='ltr'><strong><em>rem</em></strong></span> <span class='ocrx_word' id='word_1_149' title='bbox 372 2246 526 2308; x_wconf 83' lang='lat' dir='ltr'><strong><em>inuenisse</em></strong></span> <span class='ocrx_word' id='word_1_150' title='bbox 542 2245 716 2308; x_wconf 86' lang='lat' dir='ltr'><strong><em>uideamur.</em></strong></span> <span class='ocrx_word' id='word_1_151' title='bbox 726 2242 801 2309; x_wconf 76' lang='lat' dir='ltr'><strong><em>aru</em></strong></span> <span class='ocrx_word' id='word_1_152' title='bbox 814 2245 946 2326; x_wconf 72' lang='lat' dir='ltr'><strong><em>fortusse</em></strong></span> <span class='ocrx_word' id='word_1_153' title='bbox 962 2245 1045 2310; x_wconf 77' lang='lat' dir='ltr'><strong><em>lactu</em></strong></span> <span class='ocrx_word' id='word_1_154' title='bbox 1060 2246 1096 2309; x_wconf 88' lang='lat' dir='ltr'><strong><em>de</em></strong></span> <span class='ocrx_word' id='word_1_155' title='bbox 1111 2248 1150 2310; x_wconf 87' lang='lat' dir='ltr'><strong><em>iis</em></strong></span> <span class='ocrx_word' id='word_1_156' title='bbox 1165 2266 1206 2313; x_wconf 81' lang='lat' dir='ltr'><strong><em>en</em></strong></span> <span class='ocrx_word' id='word_1_157' title='bbox 1221 2248 1367 2331; x_wconf 72' lang='lat' dir='ltr'><strong><em>inferiori</em></strong></span> 
     </span>
     <span class='ocr_line' id='line_1_20' title="bbox 184 2351 631 2435; baseline -0.007 -17"><span class='ocrx_word' id='word_1_158' title='bbox 184 2351 249 2418; x_wconf 86' lang='lat' dir='ltr'><strong><em>loco</em></strong></span> <span class='ocrx_word' id='word_1_159' title='bbox 263 2351 410 2435; x_wconf 83' lang='lat' dir='ltr'><strong><em>pluribus</em></strong></span> <span class='ocrx_word' id='word_1_160' title='bbox 430 2352 631 2433; x_wconf 88' lang='lat' dir='ltr'><strong><em>disceptandi.</em></strong></span> 
     </span>
    </p>

    <p class='ocr_par' dir='ltr' id='par_1_7' title="bbox 179 2460 1462 4422">
     <span class='ocr_line' id='line_1_21' title="bbox 272 2460 1369 2544; baseline 0.004 -18"><span class='ocrx_word' id='word_1_161' title='bbox 272 2461 451 2536; x_wconf 82' lang='lat' dir='ltr'><strong><em>Hactenus,</em></strong></span> <span class='ocrx_word' id='word_1_162' title='bbox 469 2461 665 2526; x_wconf 89' lang='lat' dir='ltr'><strong><em>serenissime</em></strong></span> <span class='ocrx_word' id='word_1_163' title='bbox 684 2460 850 2544; x_wconf 78' lang='lat' dir='ltr'><strong><em>Princeps,</em></strong></span> <span class='ocrx_word' id='word_1_164' title='bbox 873 2464 1096 2544; x_wconf 72' lang='lat' dir='ltr'><strong><em>sapientissimi</em></strong></span> <span class='ocrx_word' id='word_1_165' title='bbox 1117 2471 1212 2544; x_wconf 88' lang='lat' dir='ltr'><strong><em>atque</em></strong></span> <span class='ocrx_word' id='word_1_166' title='bbox 1228 2469 1369 2530; x_wconf 88' lang='lat' dir='ltr'><strong><em>ornatis-</em></strong></span> 
     </span>
     <span class='ocr_line' id='line_1_22' title="bbox 181 2549 1462 2652; baseline 0 -14"><span class='ocrx_word' id='word_1_167' title='bbox 181 2574 256 2638; x_wconf 85' lang='lat' dir='ltr'><strong><em>simi</em></strong></span> <span class='ocrx_word' id='word_1_168' title='bbox 272 2569 455 2643; x_wconf 77' lang='lat' dir='ltr'><strong><em>Auditores,</em></strong></span> <span class='ocrx_word' id='word_1_169' title='bbox 484 2589 555 2652; x_wconf 84' lang='lat' dir='ltr'><strong><em>qua·</em></strong></span> <span class='ocrx_word' id='word_1_170' title='bbox 584 2572 620 2634; x_wconf 90' lang='lat' dir='ltr'><strong><em>in</em></strong></span> <span class='ocrx_word' id='word_1_171' title='bbox 650 2573 815 2636; x_wconf 87' lang='lat' dir='ltr'><strong><em>lunarium</em></strong></span> <span class='ocrx_word' id='word_1_172' title='bbox 837 2574 993 2636; x_wconf 90' lang='lat' dir='ltr'><strong><em>montium</em></strong></span> <span class='ocrx_word' id='word_1_173' title='bbox 1021 2573 1188 2638; x_wconf 83' lang='lat' dir='ltr'><strong><em>uerticibus</em></strong></span> <span class='ocrx_word' id='word_1_174' title='bbox 1218 2575 1368 2647; x_wconf 84' lang='lat' dir='ltr'><strong><em>consedit,</em></strong></span> <span class='ocrx_word' id='word_1_175' title='bbox 1444 2549 1462 2574; x_wconf 47' lang='grc'><em>“</em></span> 
     </span>
     <span class='ocr_line' id='line_1_23' title="bbox 180 2679 1369 2762; baseline 0.001 -15"><span class='ocrx_word' id='word_1_176' title='bbox 180 2700 267 2747; x_wconf 91' lang='lat' dir='ltr'><strong><em>nunc</em></strong></span> <span class='ocrx_word' id='word_1_177' title='bbox 285 2681 328 2746; x_wconf 92' lang='lat' dir='ltr'><strong><em>ad</em></strong></span> <span class='ocrx_word' id='word_1_178' title='bbox 341 2680 459 2746; x_wconf 83' lang='lat' dir='ltr'><strong><em>deditas</em></strong></span> <span class='ocrx_word' id='word_1_179' title='bbox 473 2679 559 2745; x_wconf 82' lang='lat' dir='ltr'><strong><em>nolis</em></strong></span> <span class='ocrx_word' id='word_1_180' title='bbox 573 2688 678 2760; x_wconf 81' lang='lat' dir='ltr'><strong><em>qrates</em></strong></span> <span class='ocrx_word' id='word_1_181' title='bbox 690 2680 910 2762; x_wconf 83' lang='lat' dir='ltr'><strong><em>persolvendas</em></strong></span> <span class='ocrx_word' id='word_1_182' title='bbox 924 2681 1088 2747; x_wconf 72' lang='lat' dir='ltr'><strong><em>dissentiat</em></strong></span> <span class='ocrx_word' id='word_1_183' title='bbox 1101 2686 1213 2750; x_wconf 89' lang='lat' dir='ltr'><strong><em>oratio.</em></strong></span> <span class='ocrx_word' id='word_1_184' title='bbox 1230 2683 1369 2749; x_wconf 87' lang='lat' dir='ltr'><strong><em>Descen-</em></strong></span> 
     </span>
     <span class='ocr_line' id='line_1_24' title="bbox 180 2789 1369 2892; baseline 0.003 -35"><span class='ocrx_word' id='word_1_185' title='bbox 180 2790 250 2866; x_wconf 84' lang='lat' dir='ltr'><strong><em>dul,</em></strong></span> <span class='ocrx_word' id='word_1_186' title='bbox 263 2790 419 2874; x_wconf 80' lang='lat' dir='ltr'><strong><em>inquam?</em></strong></span> <span class='ocrx_word' id='word_1_187' title='bbox 431 2793 495 2856; x_wconf 88' lang='lat' dir='ltr'><strong><em>imo</em></strong></span> <span class='ocrx_word' id='word_1_188' title='bbox 508 2808 582 2856; x_wconf 90' lang='lat' dir='ltr'><strong><em>oero</em></strong></span> <span class='ocrx_word' id='word_1_189' title='bbox 597 2808 684 2855; x_wconf 90' lang='lat' dir='ltr'><strong><em>nunc</em></strong></span> <span class='ocrx_word' id='word_1_190' title='bbox 699 2789 748 2854; x_wconf 85' lang='lat' dir='ltr'><strong><em>uel</em></strong></span> <span class='ocrx_word' id='word_1_191' title='bbox 760 2791 900 2854; x_wconf 73' lang='lat' dir='ltr'><strong><em>manime</em></strong></span> <span class='ocrx_word' id='word_1_192' title='bbox 914 2792 1079 2892; x_wconf 72' lang='lat' dir='ltr'><strong><em>procudat:</em></strong></span> <span class='ocrx_word' id='word_1_193' title='bbox 1093 2802 1271 2860; x_wconf 72' lang='lat' dir='ltr'><strong><em>uestrorum</em></strong></span> <span class='ocrx_word' id='word_1_194' title='bbox 1285 2797 1369 2861; x_wconf 90' lang='lat' dir='ltr'><strong><em>enim</em></strong></span> 
     </span>
     <span class='ocr_line' id='line_1_25' title="bbox 179 2899 1368 2983; baseline 0.002 -15"><span class='ocrx_word' id='word_1_195' title='bbox 179 2905 217 2968; x_wconf 89' lang='lat' dir='ltr'><strong><em>in</em></strong></span> <span class='ocrx_word' id='word_1_196' title='bbox 233 2920 292 2966; x_wconf 88' lang='lat' dir='ltr'><strong><em>nos</em></strong></span> <span class='ocrx_word' id='word_1_197' title='bbox 303 2902 548 2983; x_wconf 71' lang='lat' dir='ltr'><strong><em>promeritorum</em></strong></span> <span class='ocrx_word' id='word_1_198' title='bbox 566 2899 839 2975; x_wconf 69' lang='lat' dir='ltr'><strong><em>cunimundum</em></strong></span> <span class='ocrx_word' id='word_1_199' title='bbox 853 2900 1011 2967; x_wconf 78' lang='lat' dir='ltr'><strong><em>montibus</em></strong></span> <span class='ocrx_word' id='word_1_200' title='bbox 1020 2902 1134 2977; x_wconf 65' lang='lat' dir='ltr'><strong><em>‚allium</em></strong></span> <span class='ocrx_word' id='word_1_201' title='bbox 1150 2912 1221 2968; x_wconf 79' lang='lat' dir='ltr'><strong><em>tani</em></strong></span> <span class='ocrx_word' id='word_1_202' title='bbox 1229 2905 1368 2970; x_wconf 90' lang='lat' dir='ltr'><strong><em>arduum</em></strong></span> 
     </span>
     <span class='ocr_line' id='line_1_26' title="bbox 182 3010 1367 3095; baseline 0.003 -19"><span class='ocrx_word' id='word_1_203' title='bbox 182 3013 296 3078; x_wconf 74' lang='lat' dir='ltr'><strong><em>retulit</em></strong></span> <span class='ocrx_word' id='word_1_204' title='bbox 312 3013 489 3093; x_wconf 73' lang='lat' dir='ltr'><strong><em>facticium,</em></strong></span> <span class='ocrx_word' id='word_1_205' title='bbox 514 3019 552 3075; x_wconf 90' lang='lat' dir='ltr'><strong><em>ut</em></strong></span> <span class='ocrx_word' id='word_1_206' title='bbox 574 3010 664 3075; x_wconf 87' lang='lat' dir='ltr'><strong><em>nullu</em></strong></span> <span class='ocrx_word' id='word_1_207' title='bbox 686 3013 838 3077; x_wconf 86' lang='lat' dir='ltr'><strong><em>orationis</em></strong></span> <span class='ocrx_word' id='word_1_208' title='bbox 863 3015 1064 3093; x_wconf 84' lang='lat' dir='ltr'><strong><em>aqqeralione</em></strong></span> <span class='ocrx_word' id='word_1_209' title='bbox 1078 3015 1178 3094; x_wconf 89' lang='lat' dir='ltr'><strong><em>possit</em></strong></span> <span class='ocrx_word' id='word_1_210' title='bbox 1194 3017 1367 3095; x_wconf 80' lang='lat' dir='ltr'><strong><em>eaaquari.</em></strong></span> 
     </span>
     <span class='ocr_line' id='line_1_27' title="bbox 182 3119 1368 3205; baseline 0 -17"><span class='ocrx_word' id='word_1_211' title='bbox 182 3122 221 3188; x_wconf 86' lang='lat' dir='ltr'><strong><em>Si</em></strong></span> <span class='ocrx_word' id='word_1_212' title='bbox 238 3122 323 3188; x_wconf 82' lang='lat' dir='ltr'><strong><em>volsis</em></strong></span> <span class='ocrx_word' id='word_1_213' title='bbox 341 3129 456 3186; x_wconf 82' lang='lat' dir='ltr'><strong><em>nostro</em></strong></span> <span class='ocrx_word' id='word_1_214' title='bbox 475 3122 605 3202; x_wconf 71' lang='lat' dir='ltr'><strong><em>huiusce</em></strong></span> <span class='ocrx_word' id='word_1_215' title='bbox 622 3119 724 3186; x_wconf 81' lang='lat' dir='ltr'><strong><em>Luna</em></strong></span> <span class='ocrx_word' id='word_1_216' title='bbox 740 3122 837 3204; x_wconf 74' lang='lat' dir='ltr'><strong><em>socies</em></strong></span> <span class='ocrx_word' id='word_1_217' title='bbox 863 3120 1012 3203; x_wconf 82' lang='lat' dir='ltr'><strong><em>plurilus</em></strong></span> <span class='ocrx_word' id='word_1_218' title='bbox 1040 3121 1153 3195; x_wconf 85' lang='lat' dir='ltr'><strong><em>radiis,</em></strong></span> <span class='ocrx_word' id='word_1_219' title='bbox 1181 3139 1219 3186; x_wconf 90' lang='lat' dir='ltr'><strong><em>ac</em></strong></span> <span class='ocrx_word' id='word_1_220' title='bbox 1248 3123 1368 3205; x_wconf 79' lang='lat' dir='ltr'><strong><em>majore</em></strong></span> 
     </span>
     <span class='ocr_line' id='line_1_28' title="bbox 182 3230 1367 3314; baseline 0.002 -18"><span class='ocrx_word' id='word_1_221' title='bbox 182 3230 341 3314; x_wconf 80' lang='lat' dir='ltr'><strong><em>splendore</em></strong></span> <span class='ocrx_word' id='word_1_222' title='bbox 359 3248 457 3312; x_wconf 87' lang='lat' dir='ltr'><strong><em>quam</em></strong></span> <span class='ocrx_word' id='word_1_223' title='bbox 473 3230 547 3296; x_wconf 81' lang='lat' dir='ltr'><strong><em>olins</em></strong></span> <span class='ocrx_word' id='word_1_224' title='bbox 561 3233 703 3314; x_wconf 89' lang='lat' dir='ltr'><strong><em>antiquis</em></strong></span> <span class='ocrx_word' id='word_1_225' title='bbox 720 3231 856 3305; x_wconf 82' lang='lat' dir='ltr'><strong><em>suculis,</em></strong></span> <span class='ocrx_word' id='word_1_226' title='bbox 871 3233 941 3296; x_wconf 81' lang='lat' dir='ltr'><strong><em>uisu</em></strong></span> <span class='ocrx_word' id='word_1_227' title='bbox 954 3240 999 3294; x_wconf 91' lang='lat' dir='ltr'><strong><em>est</em></strong></span> <span class='ocrx_word' id='word_1_228' title='bbox 1009 3231 1204 3313; x_wconf 69' lang='lat' dir='ltr'><strong><em>promicarer</em></strong></span> <span class='ocrx_word' id='word_1_229' title='bbox 1219 3232 1254 3296; x_wconf 84' lang='lat' dir='ltr'><strong><em>id</em></strong></span> <span class='ocrx_word' id='word_1_230' title='bbox 1267 3240 1367 3300; x_wconf 90' lang='lat' dir='ltr'><strong><em>totum</em></strong></span> 
     </span>
     <span class='ocr_line' id='line_1_29' title="bbox 181 3339 1367 3424; baseline 0.001 -17"><span class='ocrx_word' id='word_1_231' title='bbox 181 3342 284 3407; x_wconf 85' lang='lat' dir='ltr'><strong><em>amori</em></strong></span> <span class='ocrx_word' id='word_1_232' title='bbox 301 3359 377 3423; x_wconf 84' lang='lat' dir='ltr'><strong><em>erpa</em></strong></span> <span class='ocrx_word' id='word_1_233' title='bbox 395 3359 450 3407; x_wconf 89' lang='lat' dir='ltr'><strong><em>nos</em></strong></span> <span class='ocrx_word' id='word_1_234' title='bbox 468 3351 570 3408; x_wconf 87' lang='lat' dir='ltr'><strong><em>uestro</em></strong></span> <span class='ocrx_word' id='word_1_235' title='bbox 588 3341 792 3408; x_wconf 84' lang='lat' dir='ltr'><strong><em>tribuendum</em></strong></span> <span class='ocrx_word' id='word_1_236' title='bbox 822 3349 882 3414; x_wconf 90' lang='lat' dir='ltr'><strong><em>est,</em></strong></span> <span class='ocrx_word' id='word_1_237' title='bbox 911 3339 1004 3420; x_wconf 75' lang='lat' dir='ltr'><strong><em>cujus</em></strong></span> <span class='ocrx_word' id='word_1_238' title='bbox 1032 3357 1086 3422; x_wconf 88' lang='lat' dir='ltr'><strong><em>ope</em></strong></span> <span class='ocrx_word' id='word_1_239' title='bbox 1112 3341 1311 3424; x_wconf 68' lang='lat' dir='ltr'><strong><em>factumest,</em></strong></span> <span class='ocrx_word' id='word_1_240' title='bbox 1331 3355 1367 3408; x_wconf 90' lang='lat' dir='ltr'><strong><em>ut</em></strong></span> 
     </span>
     <span class='ocr_line' id='line_1_30' title="bbox 181 3449 1428 3538; baseline -0.001 -20"><span class='ocrx_word' id='word_1_241' title='bbox 181 3452 400 3518; x_wconf 75' lang='lat' dir='ltr'><strong><em>benevolentia</em></strong></span> <span class='ocrx_word' id='word_1_242' title='bbox 418 3451 585 3538; x_wconf 86' lang='lat' dir='ltr'><strong><em>(audacter</em></strong></span> <span class='ocrx_word' id='word_1_243' title='bbox 603 3451 724 3538; x_wconf 90' lang='lat' dir='ltr'><strong><em>dicam)</em></strong></span> <span class='ocrx_word' id='word_1_244' title='bbox 740 3452 834 3534; x_wconf 87' lang='lat' dir='ltr'><strong><em>quusi</em></strong></span> <span class='ocrx_word' id='word_1_245' title='bbox 848 3449 984 3532; x_wconf 89' lang='lat' dir='ltr'><strong><em>quodam</em></strong></span> <span class='ocrx_word' id='word_1_246' title='bbox 998 3449 1206 3532; x_wconf 83' lang='lat' dir='ltr'><strong><em>tubospecillo,</em></strong></span> <span class='ocrx_word' id='word_1_247' title='bbox 1224 3461 1366 3517; x_wconf 85' lang='lat' dir='ltr'><strong><em>nostram</em></strong></span> <span class='ocrx_word' id='word_1_248' title='bbox 1422 3474 1428 3486; x_wconf 15' lang='grc' dir='ltr'><strong><em>ἃ</em></strong></span> 
     </span>
     <span class='ocr_line' id='line_1_31' title="bbox 182 3537 1366 3647; baseline -0.006 -16"><span class='ocrx_word' id='word_1_249' title='bbox 182 3567 264 3631; x_wconf 79' lang='lat' dir='ltr'><strong><em>lanc</em></strong></span> <span class='ocrx_word' id='word_1_250' title='bbox 281 3537 408 3629; x_wconf 78' lang='lat' dir='ltr'><strong><em>Lunam</em></strong></span> <span class='ocrx_word' id='word_1_251' title='bbox 420 3572 664 3647; x_wconf 84' lang='lat' dir='ltr'><strong><em>prospectantes,</em></strong></span> <span class='ocrx_word' id='word_1_252' title='bbox 683 3581 767 3636; x_wconf 89' lang='lat' dir='ltr'><strong><em>eam,</em></strong></span> <span class='ocrx_word' id='word_1_253' title='bbox 788 3579 845 3627; x_wconf 90' lang='lat' dir='ltr'><strong><em>ceu</em></strong></span> <span class='ocrx_word' id='word_1_254' title='bbox 866 3578 982 3626; x_wconf 86' lang='lat' dir='ltr'><strong><em>norum</em></strong></span> <span class='ocrx_word' id='word_1_255' title='bbox 1003 3579 1041 3626; x_wconf 93' lang='lat' dir='ltr'><strong><em>ac</em></strong></span> <span class='ocrx_word' id='word_1_256' title='bbox 1058 3578 1091 3625; x_wconf 89' lang='lat' dir='ltr'><strong><em>se</em></strong></span> <span class='ocrx_word' id='word_1_257' title='bbox 1109 3563 1178 3643; x_wconf 87' lang='lat' dir='ltr'><strong><em>ipsa</em></strong></span> <span class='ocrx_word' id='word_1_258' title='bbox 1200 3562 1366 3643; x_wconf 77' lang='lat' dir='ltr'><strong><em>majorem,</em></strong></span> 
     </span>
     <span class='ocr_line' id='line_1_32' title="bbox 182 3671 1366 3757; baseline -0.003 -18"><span class='ocrx_word' id='word_1_259' title='bbox 182 3675 421 3756; x_wconf 86' lang='lat' dir='ltr'><strong><em>nitidioremque</em></strong></span> <span class='ocrx_word' id='word_1_260' title='bbox 439 3675 652 3757; x_wconf 76' lang='lat' dir='ltr'><strong><em>suspexeritis.</em></strong></span> <span class='ocrx_word' id='word_1_261' title='bbox 670 3673 786 3757; x_wconf 87' lang='lat' dir='ltr'><strong><em>Ilaque</em></strong></span> <span class='ocrx_word' id='word_1_262' title='bbox 801 3691 861 3756; x_wconf 81' lang='lat' dir='ltr'><strong><em>pro</em></strong></span> <span class='ocrx_word' id='word_1_263' title='bbox 876 3673 932 3737; x_wconf 82' lang='lat' dir='ltr'><strong><em>doc</em></strong></span> <span class='ocrx_word' id='word_1_264' title='bbox 948 3671 1091 3756; x_wconf 62' lang='lat' dir='ltr'><strong><em>beneflcio</em></strong></span> <span class='ocrx_word' id='word_1_265' title='bbox 1106 3679 1150 3736; x_wconf 91' lang='lat' dir='ltr'><strong><em>tot</em></strong></span> <span class='ocrx_word' id='word_1_266' title='bbox 1164 3671 1249 3738; x_wconf 83' lang='lat' dir='ltr'><strong><em>colis</em></strong></span> <span class='ocrx_word' id='word_1_267' title='bbox 1262 3680 1366 3754; x_wconf 81' lang='lat' dir='ltr'><strong><em>qnater</em></strong></span> 
     </span>
     <span class='ocr_line' id='line_1_33' title="bbox 180 3782 1367 3874; baseline -0.004 -24"><span class='ocrx_word' id='word_1_268' title='bbox 180 3786 319 3868; x_wconf 77' lang='lat' dir='ltr'><strong><em>aqimus,</em></strong></span> <span class='ocrx_word' id='word_1_269' title='bbox 339 3794 416 3868; x_wconf 91' lang='lat' dir='ltr'><strong><em>quot</em></strong></span> <span class='ocrx_word' id='word_1_270' title='bbox 434 3804 516 3874; x_wconf 84' lang='lat' dir='ltr'><strong><em>nonu</em></strong></span> <span class='ocrx_word' id='word_1_271' title='bbox 531 3786 638 3851; x_wconf 74' lang='lat' dir='ltr'><strong><em>sidera</em></strong></span> <span class='ocrx_word' id='word_1_272' title='bbox 655 3794 762 3850; x_wconf 91' lang='lat' dir='ltr'><strong><em>nostro</em></strong></span> <span class='ocrx_word' id='word_1_273' title='bbox 785 3785 840 3848; x_wconf 81' lang='lat' dir='ltr'><strong><em>loc</em></strong></span> <span class='ocrx_word' id='word_1_274' title='bbox 862 3783 974 3851; x_wconf 87' lang='lat' dir='ltr'><strong><em>saculo</em></strong></span> <span class='ocrx_word' id='word_1_275' title='bbox 993 3782 1105 3848; x_wconf 88' lang='lat' dir='ltr'><strong><em>coelum</em></strong></span> <span class='ocrx_word' id='word_1_276' title='bbox 1133 3784 1261 3856; x_wconf 79' lang='lat' dir='ltr'><strong><em>extulit,</em></strong></span> <span class='ocrx_word' id='word_1_277' title='bbox 1289 3792 1367 3864; x_wconf 92' lang='lat' dir='ltr'><strong><em>quot</em></strong></span> 
     </span>
     <span class='ocr_line' id='line_1_34' title="bbox 181 3893 1368 3980; baseline -0.004 -19"><span class='ocrx_word' id='word_1_278' title='bbox 181 3900 277 3962; x_wconf 86' lang='lat' dir='ltr'><strong><em>rnieal</em></strong></span> <span class='ocrx_word' id='word_1_279' title='bbox 293 3898 378 3962; x_wconf 86' lang='lat' dir='ltr'><strong><em>inter</em></strong></span> <span class='ocrx_word' id='word_1_280' title='bbox 396 3899 484 3980; x_wconf 86' lang='lat' dir='ltr'><strong><em>iqncs</em></strong></span> <span class='ocrx_word' id='word_1_281' title='bbox 506 3896 602 3962; x_wconf 86' lang='lat' dir='ltr'><strong><em>Luna</em></strong></span> <span class='ocrx_word' id='word_1_282' title='bbox 623 3898 775 3968; x_wconf 85' lang='lat' dir='ltr'><strong><em>minores,</em></strong></span> <span class='ocrx_word' id='word_1_283' title='bbox 805 3902 881 3977; x_wconf 87' lang='lat' dir='ltr'><strong><em>quot</em></strong></span> <span class='ocrx_word' id='word_1_284' title='bbox 909 3893 1016 3957; x_wconf 89' lang='lat' dir='ltr'><strong><em>cadem</em></strong></span> <span class='ocrx_word' id='word_1_285' title='bbox 1044 3893 1142 3958; x_wconf 88' lang='lat' dir='ltr'><strong><em>radiis</em></strong></span> <span class='ocrx_word' id='word_1_286' title='bbox 1173 3893 1265 3969; x_wconf 88' lang='lat' dir='ltr'><strong><em>nitet,</em></strong></span> <span class='ocrx_word' id='word_1_287' title='bbox 1290 3902 1368 3974; x_wconf 89' lang='lat' dir='ltr'><strong><em>quot</em></strong></span> 
     </span>
     <span class='ocr_line' id='line_1_35' title="bbox 182 4004 1367 4091; baseline -0.005 -17"><span class='ocrx_word' id='word_1_288' title='bbox 182 4006 338 4085; x_wconf 75' lang='lat' dir='ltr'><strong><em>ulantibus</em></strong></span> <span class='ocrx_word' id='word_1_289' title='bbox 356 4009 450 4090; x_wconf 88' lang='lat' dir='ltr'><strong><em>riqet,</em></strong></span> <span class='ocrx_word' id='word_1_290' title='bbox 470 4015 547 4091; x_wconf 91' lang='lat' dir='ltr'><strong><em>quot</em></strong></span> <span class='ocrx_word' id='word_1_291' title='bbox 563 4005 696 4071; x_wconf 84' lang='lat' dir='ltr'><strong><em>maculis</em></strong></span> <span class='ocrx_word' id='word_1_292' title='bbox 715 4006 833 4078; x_wconf 75' lang='lat' dir='ltr'><strong><em>horret,</em></strong></span> <span class='ocrx_word' id='word_1_293' title='bbox 849 4011 924 4086; x_wconf 92' lang='lat' dir='ltr'><strong><em>quot</em></strong></span> <span class='ocrx_word' id='word_1_294' title='bbox 941 4020 1005 4067; x_wconf 85' lang='lat' dir='ltr'><strong><em>sese</em></strong></span> <span class='ocrx_word' id='word_1_295' title='bbox 1023 4005 1059 4067; x_wconf 90' lang='lat' dir='ltr'><strong><em>in</em></strong></span> <span class='ocrx_word' id='word_1_296' title='bbox 1072 4004 1171 4086; x_wconf 73' lang='lat' dir='ltr'><strong><em>[acin</em></strong></span> <span class='ocrx_word' id='word_1_297' title='bbox 1185 4020 1244 4086; x_wconf 87' lang='lat' dir='ltr'><strong><em>per</em></strong></span> <span class='ocrx_word' id='word_1_298' title='bbox 1260 4021 1367 4068; x_wconf 88' lang='lat' dir='ltr'><strong><em>omnes</em></strong></span> 
     </span>
     <span class='ocr_line' id='line_1_36' title="bbox 181 4113 1366 4203; baseline -0.005 -19"><span class='ocrx_word' id='word_1_299' title='bbox 181 4117 265 4184; x_wconf 83' lang='lat' dir='ltr'><strong><em>orbis</em></strong></span> <span class='ocrx_word' id='word_1_300' title='bbox 282 4125 387 4184; x_wconf 84' lang='lat' dir='ltr'><strong><em>atates</em></strong></span> <span class='ocrx_word' id='word_1_301' title='bbox 404 4119 511 4192; x_wconf 83' lang='lat' dir='ltr'><strong><em>uertit,</em></strong></span> <span class='ocrx_word' id='word_1_302' title='bbox 530 4125 698 4200; x_wconf 90' lang='lat' dir='ltr'><strong><em>oertetque.</em></strong></span> <span class='ocrx_word' id='word_1_303' title='bbox 716 4114 809 4203; x_wconf 77' lang='lat' dir='ltr'><strong><em>illud</em></strong></span> <span class='ocrx_word' id='word_1_304' title='bbox 821 4114 907 4180; x_wconf 84' lang='lat' dir='ltr'><strong><em>rodis</em></strong></span> <span class='ocrx_word' id='word_1_305' title='bbox 920 4113 1117 4197; x_wconf 84' lang='lat' dir='ltr'><strong><em>pollicemur,</em></strong></span> <span class='ocrx_word' id='word_1_306' title='bbox 1133 4132 1191 4180; x_wconf 85' lang='lat' dir='ltr'><strong><em>nos</em></strong></span> <span class='ocrx_word' id='word_1_307' title='bbox 1209 4113 1366 4180; x_wconf 85' lang='lat' dir='ltr'><strong><em>lunaticus</em></strong></span> 
     </span>
     <span class='ocr_line' id='line_1_37' title="bbox 182 4224 1366 4308; baseline -0.002 -18"><span class='ocrx_word' id='word_1_308' title='bbox 182 4226 251 4292; x_wconf 82' lang='lat' dir='ltr'><strong><em>illas</em></strong></span> <span class='ocrx_word' id='word_1_309' title='bbox 261 4229 341 4294; x_wconf 81' lang='lat' dir='ltr'><strong><em>cicer</em></strong></span> <span class='ocrx_word' id='word_1_310' title='bbox 359 4229 487 4294; x_wconf 90' lang='lat' dir='ltr'><strong><em>minime</em></strong></span> <span class='ocrx_word' id='word_1_311' title='bbox 503 4236 636 4302; x_wconf 88' lang='lat' dir='ltr'><strong><em>secutos,</em></strong></span> <span class='ocrx_word' id='word_1_312' title='bbox 647 4225 780 4291; x_wconf 87' lang='lat' dir='ltr'><strong><em>eundem</em></strong></span> <span class='ocrx_word' id='word_1_313' title='bbox 797 4242 917 4308; x_wconf 86' lang='lat' dir='ltr'><strong><em>semper</em></strong></span> <span class='ocrx_word' id='word_1_314' title='bbox 932 4242 1009 4306; x_wconf 87' lang='lat' dir='ltr'><strong><em>erqa</em></strong></span> <span class='ocrx_word' id='word_1_315' title='bbox 1026 4241 1081 4290; x_wconf 87' lang='lat' dir='ltr'><strong><em>nos</em></strong></span> <span class='ocrx_word' id='word_1_316' title='bbox 1099 4224 1222 4290; x_wconf 86' lang='lat' dir='ltr'><strong><em>nultum</em></strong></span> <span class='ocrx_word' id='word_1_317' title='bbox 1234 4225 1366 4290; x_wconf 85' lang='lat' dir='ltr'><strong><em>benero-</em></strong></span> 
     </span>
     <span class='ocr_line' id='line_1_38' title="bbox 184 4331 1365 4422; baseline -0.005 -22"><span class='ocrx_word' id='word_1_318' title='bbox 184 4337 283 4402; x_wconf 85' lang='lat' dir='ltr'><strong><em>lenlia</em></strong></span> <span class='ocrx_word' id='word_1_319' title='bbox 294 4357 331 4405; x_wconf 90' lang='lat' dir='ltr'><strong><em>ac</em></strong></span> <span class='ocrx_word' id='word_1_320' title='bbox 345 4331 430 4422; x_wconf 79' lang='lat' dir='ltr'><strong><em>proli</em></strong></span> <span class='ocrx_word' id='word_1_321' title='bbox 440 4340 541 4404; x_wconf 89' lang='lat' dir='ltr'><strong><em>animi</em></strong></span> <span class='ocrx_word' id='word_1_322' title='bbox 552 4339 771 4421; x_wconf 89' lang='lat' dir='ltr'><strong><em>plenissimum</em></strong></span> <span class='ocrx_word' id='word_1_323' title='bbox 781 4343 971 4401; x_wconf 82' lang='lat' dir='ltr'><strong><em>servaturos.</em></strong></span> <span class='ocrx_word' id='word_1_324' title='bbox 982 4333 1111 4400; x_wconf 84' lang='lat' dir='ltr'><strong><em>Lucebit</em></strong></span> <span class='ocrx_word' id='word_1_325' title='bbox 1123 4335 1202 4400; x_wconf 88' lang='lat' dir='ltr'><strong><em>illud</em></strong></span> <span class='ocrx_word' id='word_1_326' title='bbox 1211 4335 1365 4400; x_wconf 86' lang='lat' dir='ltr'><strong><em>nitidissi-</em></strong></span> 
     </span>
    </p>
   </div>
   <div class='ocr_carea' id='block_1_4' title="bbox 184 4447 1365 4617">
    <p class='ocr_par' dir='ltr' id='par_1_8' title="bbox 184 4447 1365 4617">
     <span class='ocr_line' id='line_1_39' title="bbox 184 4447 1365 4533; baseline -0.005 -24"><span class='ocrx_word' id='word_1_327' title='bbox 184 4464 272 4512; x_wconf 89' lang='lat' dir='ltr'><strong><em>mum</em></strong></span> <span class='ocrx_word' id='word_1_328' title='bbox 281 4457 403 4515; x_wconf 81' lang='lat' dir='ltr'><strong><em>aurum</em></strong></span> <span class='ocrx_word' id='word_1_329' title='bbox 416 4451 537 4533; x_wconf 72' lang='lat' dir='ltr'><strong><em>suturis</em></strong></span> <span class='ocrx_word' id='word_1_330' title='bbox 549 4447 684 4522; x_wconf 77' lang='lat' dir='ltr'><strong><em>suculis,</em></strong></span> <span class='ocrx_word' id='word_1_331' title='bbox 701 4449 794 4529; x_wconf 85' lang='lat' dir='ltr'><strong><em>quusi</em></strong></span> <span class='ocrx_word' id='word_1_332' title='bbox 805 4456 992 4530; x_wconf 85' lang='lat' dir='ltr'><strong><em>perpetuum</em></strong></span> <span class='ocrx_word' id='word_1_333' title='bbox 1005 4447 1161 4527; x_wconf 86' lang='lat' dir='ltr'><strong><em>quoddam</em></strong></span> <span class='ocrx_word' id='word_1_334' title='bbox 1177 4461 1365 4512; x_wconf 83' lang='lat' dir='ltr'><strong><em>monumen-</em></strong></span> 
     </span>
     <span class='ocr_line' id='line_1_40' title="bbox 303 4554 1210 4617; baseline -0.007 -5"><span class='ocrx_word' id='word_1_335' title='bbox 303 4555 423 4614; x_wconf 81' lang='lat' dir='ltr'><strong><em>Gssuso</em></strong></span> <span class='ocrx_word' id='word_1_336' title='bbox 441 4557 558 4617; x_wconf 73' lang='lat' dir='ltr'><strong><em>Gustus</em></strong></span> <span class='ocrx_word' id='word_1_337' title='bbox 573 4557 686 4613; x_wconf 75' lang='lat' dir='ltr'><strong><em>—Tosn</em></strong></span> <span class='ocrx_word' id='word_1_338' title='bbox 706 4554 757 4612; x_wconf 82' lang='lat' dir='ltr'><strong><em>Ill.</em></strong></span> <span class='ocrx_word' id='word_1_339' title='bbox 1177 4559 1210 4607; x_wconf 86' lang='lat'><strong><em>10</em></strong></span> 
     </span>
    </p>
   </div>
   <div class='ocr_carea' id='block_1_5' title="bbox 0 0 1554 5154">
    <p class='ocr_par' dir='ltr' id='par_1_9' title="bbox 0 0 1554 5154">
     <span class='ocr_line' id='line_1_41' title="bbox 0 0 1554 5154; baseline 0 0"><span class='ocrx_word' id='word_1_340' title='bbox 0 0 1554 5154; x_wconf 95' lang='lat' dir='ltr'><strong><em> </em></strong></span> 
     </span>
    </p>
   </div>
  </div>
 </body>
</html>
