3096 5154
576 354 804 405 innodandos
824 354 952 403 mnino
1310 340 1353 407 95

265 497 325 561 Dic
342 491 399 570 28,
414 494 498 558 hora
517 492 549 568 1,
565 509 635 557 nna
651 497 784 558 tantum
801 493 916 558 aderat
938 493 1033 559 steila
1054 490 1280 574 occidentalis,
1304 498 1356 561 di·

176 613 266 674 stans
284 624 305 671 a
322 605 406 671 Jove
423 604 505 669 min.
524 600 557 679 3,
573 607 710 684 eratque
727 604 807 667 eatis
823 604 1011 685 conspicua.

180 762 260 855 Q
728 714 968 921 <Oa
1249 757 1355 850 om

264 996 324 1063 Die
341 995 401 1069 29,
420 995 493 1060 dnae
512 994 711 1059 videbantur
734 992 853 1069 stede,
877 994 1053 1058 orientales
1076 994 1192 1057 ambae.
1210 991 1361 1058 vicinior

176 1109 253 1175 Jovi
265 1111 337 1172 erat
349 1104 529 1169 admodum
540 1105 678 1186 exigua,
692 1108 724 1168 et
740 1104 781 1168 ab
797 1103 854 1168 iilo
866 1102 1009 1168 distabat
1024 1103 1104 1167 min.
1118 1101 1147 1167 1.
1161 1101 1362 1169 Orientalior

178 1223 249 1285 erat
260 1218 341 1282 satis
352 1216 542 1296 conspicua,
553 1214 732 1295 aberatqne
743 1230 764 1278 a
774 1212 857 1278 Jove
869 1210 1135 1279 min.3.Erantin
1146 1214 1262 1280 eadem
1272 1221 1362 1280 recta

179 1327 361 1393 secundum
380 1325 507 1389 zodiaci
525 1323 677 1399 ductum,
696 1323 800 1388 velnti
818 1341 947 1406 semper
964 1329 1196 1406 apparuerunt.

184 1524 263 1615 oe
589 1477 894 1683 **Q
1255 1521 1361 1612 Q

267 1769 327 1834 Die
338 1769 359 1831 2
370 1770 499 1852 aprilis,
509 1769 587 1833 talis
604 1768 668 1832 init
685 1765 894 1830 constitutio:
912 1769 976 1831 tres
990 1768 1167 1833 orientales
1177 1774 1211 1834 et
1224 1789 1292 1836 nna
1308 1788 1367 1836 oc-

178 1878 363 1945 cidentalis.
378 1877 603 1945 Occidentalis
617 1878 732 1943 aberat
748 1895 769 1940 a
784 1875 866 1941 Jove
876 1877 957 1941 min.
973 1873 1009 1954 3;
1020 1877 1189 1944 orientalis
1202 1880 1278 1945 lovi
1288 1899 1373 1963 pro-

179 1989 272 2053 xima
290 1991 404 2054 aberat
423 1989 466 2054 ab
485 2007 524 2052 eo
539 1988 619 2052 min.
638 1986 667 2063 13
686 2002 824 2069 sequens
841 1986 956 2050 aberat
975 1987 1099 2051 abhoc
1113 1990 1195 2053 min.
1211 1989 1242 2066 2;
1256 1991 1369 2057 orien-

161 2099 280 2162 'talior
298 2100 412 2164 aberat
435 2100 477 2163 ab
499 2100 562 2163 hac
578 2098 659 2161 min.
680 2095 712 2163 8.
731 2096 835 2161 Erant
850 2096 886 2161 in
903 2096 1020 2162 eadem
1037 2103 1131 2163 recta
1147 2098 1191 2164 ad
1206 2117 1368 2182 unguem,

182 2210 340 2287 erantque
356 2207 436 2273 satis
453 2209 648 2289 conspicuae.
668 2204 712 2271 In
729 2204 924 2271 Firenzaolo
944 2202 1028 2296 (sic).

186 2400 266 2490 Q
382 2397 438 2514 e
623 2361 1033 2565 per
1261 2408 1365 2499 Q

270 2633 331 2697 Die
342 2631 373 2709 3,
383 2633 467 2697 hora
479 2633 510 2708 θ,
522 2634 602 2698 min.
614 2631 669 2709 to,
682 2638 749 2698 tres
762 2636 965 2702 videbantur
983 2635 1143 2702 Planetae:
1158 2656 1246 2705 nnus
1260 2643 1371 2706 orien-

180 2744 268 2820 talis,
280 2742 346 2808 dno
357 2761 439 2808 vero
449 2742 680 2807 occidentales.
691 2740 870 2809 Orientalis
881 2743 1025 2811 distabat
1037 2760 1057 2811 a
1071 2744 1153 2812 Iove
1167 2750 1246 2815 min.
1259 2751 1292 2816 9.
1303 2749 1370 2817 Oc-

181 2854 355 2919 cidentalis
364 2853 539 2936 proximus
551 2851 695 2919 distabat
712 2853 826 2920 diove
836 2856 917 2919 min.
930 2854 961 2932 13
975 2856 1212 2924 occidentaiior
1223 2859 1370 2942 reliquus

183 2960 298 3027 aberat
315 2964 358 3027 ab
376 2963 482 3028 nitore
498 2963 580 3027 min.
596 2959 632 3039 ³3
651 2967 787 3045 eratque
804 2960 944 3048 reliquis¹
957 2966 1109 3033 lucidior.
1127 2965 1264 3032 Firenze
1284 2967 1369 3056 (sic).

189 3156 481 3246 o.e
701 3118 977 3325 &ep
1258 3167 1364 3259 Q

273 3391 333 3458 Die
351 3392 383 3468 5,
400 3393 484 3458 hora
504 3392 535 3471 1,
551 3410 640 3460 nnuc
657 3397 790 3459 tantum
803 3393 919 3458 aderat
930 3394 1066 3461 Planeta
1076 3388 1369 3464 orientalicalove

186 3504 396 3569 distansmin.
405 3504 438 3580 2,
449 3521 513 3568 ccc.
525 3502 579 3583 30,
589 3509 726 3587 eratque
736 3506 817 3569 catis
826 3503 1068 3587 conspicandi!
1082 3503 1118 3570 S.
1128 3505 1275 3572 Romano
1284 3505 1369 3596 (sic).

188 3680 269 3770 Q
530 3678 588 3792 a
711 3638 813 3846 Θ
1258 3684 1366 3776 Q

193 3918 196 3923 ·
274 3893 334 3959 liic
358 3892 391 3969 6,
420 3893 504 3957 hona
531 3893 564 3970 2,
591 3912 677 3961 unns
701 3899 832 3961 tantum
855 3896 1025 3961 orientalis
1055 3897 1183 3971 aderat,
1203 3895 1330 3959 distans
1351 3912 1371 3957 a

187 4003 267 4070 Jove
285 4005 366 4068 min.
381 4003 413 4080 ὃ,
432 4008 567 4084 eratque
585 4005 881 4087 satisconnpicuus.
891 4005 964 4072 Non
980 4012 1065 4080 erat,
1079 4010 1117 4071 nt
1135 4006 1268 4086 opinor,
1282 4002 1368 4066 idem

187 4133 265 4180 cnm
292 4113 505 4197 praecedenti,
544 4115 602 4180 aad
635 4116 721 4181 oliuo
749 4115 786 4181 in
814 4115 1021 4182 antecedenti
1054 4120 1151 4181 noct'e
1180 4132 1260 4180 cum
1289 4112 1370 4176 love

189 4225 398 4307 coniunctus:
418 4226 475 4308 qui
492 4243 573 4291 vero
590 4231 669 4292 tnnc
688 4227 881 4311 apparebat,
899 4245 989 4294 nunc
1008 4228 1068 4295 sub
1087 4227 1171 4294 Jove
1190 4225 1265 4290 init.

201 4399 280 4489 or.
527 4398 582 4512 ep,
748 4358 849 4562 Θ
1259 4392 1364 4480 Q
