3304 5282
330 395 395 464 ato
709 411 812 458 suctos
834 409 939 458 cesse
963 411 1001 457 es
1024 409 1124 458 estes

330 555 427 620 ctitur
442 557 499 615 aut
516 549 729 630 retronqitur,
749 556 784 612 ut
802 547 1009 629 manifestum
1026 553 1089 609 est.-
1106 553 1140 608 at
1162 561 1248 619 occo,
1262 543 1323 618 ubi
1341 542 1518 627 vaporibus

329 663 555 731 commiscetur,
576 665 651 749 tunc
680 676 747 722 non
775 675 847 723 oere
877 657 1054 738 diopbonus
1083 662 1144 729 est:
1161 673 1203 719 en
1220 673 1283 737 quo
1305 657 1354 738 fit,
1379 663 1417 719 sst
1436 654 1517 720 lucis

328 772 412 836 radii
424 767 464 832 nb
479 786 514 832 eo
528 769 641 850 sapius
657 745 899 850 refranqantus.
911 765 988 830 Huc
1003 766 1039 828 de
1054 783 1125 829 cere
1140 765 1307 847 diopbonis
1318 764 1516 848 emporibus.

328 879 400 944 Non
419 897 490 944 uere
508 885 616 942 nutem
637 877 798 959 diopbano
825 885 917 942 sunt:
938 894 1039 958 aqua,
1060 877 1155 939 etiam
1171 878 1200 939 si
1215 878 1390 958 purissima
1407 879 1463 950 sit,
1485 885 1517 940 et

323 989 452 1070 qtocies,
470 987 508 1053 ob
531 987 717 1052 densitatem
742 989 899 1069 portium,
918 995 948 1050 et
965 988 1085 1052 citrum
1102 993 1132 1049 et
1153 986 1303 1068 crystalla
1320 996 1350 1050 et
1366 1005 1514 1069 qemmoe,

326 1097 364 1164 ob
382 1098 565 1182 aliqualem,
580 1115 679 1180 quom
696 1099 846 1171 retinent,
867 1105 959 1161 terro
978 1093 1140 1180 (quamuis
1158 1098 1350 1162 tenuissima
1363 1107 1392 1161 et
1405 1096 1516 1162 elobo-

327 1211 493 1274 ruissimo
501 1208 518 1294 )
531 1210 726 1291 portionem:
747 1217 935 1290 arqumento
953 1215 1012 1282 est,
1032 1207 1116 1288 quod
1136 1207 1220 1272 radii
1237 1206 1279 1270 ab
1298 1207 1347 1272 bis
1363 1207 1513 1272 omnibus

327 1321 577 1402 reironquntur,
596 1337 695 1400 quare
714 1327 744 1382 et
772 1318 883 1383 radius
906 1319 942 1382 in
966 1318 1014 1380 bis
1032 1334 1152 1398 semper
1179 1316 1312 1382 visibilis
1339 1327 1407 1390 est;
1427 1317 1515 1400 quod

327 1445 529 1511 nequaquam
546 1430 646 1512 fieret,
664 1429 693 1491 si
710 1435 812 1492 essent
828 1445 901 1492 cere
919 1425 1102 1508 diopbanos
1127 1435 1203 1491 tunc
1221 1429 1306 1490 enim
1322 1429 1436 1493 radius
1458 1429 1515 1494 illo

326 1539 537 1622 undequaque
551 1538 752 1620 peruaderet,
768 1555 870 1620 neque
887 1535 1082 1601 obstaculum
1099 1537 1225 1602 baberet
1243 1538 1327 1602 unde
1342 1541 1516 1623 rescanpe-

326 1657 430 1714 retur:
450 1659 525 1714 tunc
555 1650 640 1712 enim
657 1651 691 1733 fit
721 1648 885 1730 retractio,
904 1655 941 1710 ut
958 1645 1150 1730 Perspectioi
1167 1648 1291 1722 dicunt,
1310 1667 1381 1713 emo
1399 1651 1514 1716 radius

323 1777 381 1841 pec
401 1759 537 1824 uberum
559 1759 690 1842 imparis
705 1757 940 1841 perspicuitatis
958 1756 1152 1839 diupbonum
1180 1757 1366 1840 effunditur.
1388 1757 1514 1825 lindius

326 1872 441 1952 ipitur,
458 1871 523 1936 sioe
543 1870 601 1934 tuoe
619 1869 795 1934 immediate
814 1884 835 1930 u
854 1867 956 1932 lucido
974 1885 1101 1950 corpore
1114 1868 1282 1950 producto,
1297 1870 1334 1932 in
1353 1869 1516 1953 diapbano

325 1998 397 2045 vere
419 1981 578 2062 diopbano
600 1997 666 2042 non
688 1986 734 2042 est
756 1976 908 2051 oisibilis,
932 1979 996 2041 nisi
1024 1977 1067 2041 od
1087 1995 1220 2058 opacum
1246 1979 1374 2061 aliquod
1400 1985 1515 2046 termi-

326 2097 431 2152 netur.
448 2087 572 2151 Lumen
593 2096 699 2152 autem
721 2096 751 2151 et
773 2087 893 2152 visibile
912 2097 972 2162 est,
991 2095 1020 2150 et
1042 2089 1126 2152 satio
1147 2087 1288 2152 videndi.-
1303 2090 1437 2167 os'sibile,
1457 2095 1513 2157 in·

326 2213 436 2278 quom,
464 2205 622 2278 quatenus
651 2205 697 2260 est
722 2205 812 2261 actus
841 2198 994 2280 diopboni
1023 2205 1060 2260 ut
1081 2197 1290 2279 diopbanum,
1307 2201 1386 2282 quia
1401 2203 1450 2266 ita
1467 2213 1513 2268 est

326 2307 423 2372 veluti
437 2307 520 2372 colos
535 2309 711 2390 perspicui,
729 2326 802 2372 cum
817 2308 1020 2390 perspicuum
1036 2315 1081 2371 est
1097 2315 1189 2380 actu:
1207 2314 1243 2371 ut
1260 2305 1446 2374 Aristoteles
1461 2311 1517 2376 do-

327 2418 393 2480 cuit
409 2416 442 2492 2,
459 2417 495 2481 de
514 2419 624 2482 animo
638 2436 705 2501 cop.
724 2426 753 2482 et
767 2427 853 2500 port.
871 2417 1077 2499 supradietis,
1097 2424 1126 2478 et
1143 2433 1253 2481 sensus
1275 2418 1430 2484 ostendit:
1441 2438 1515 2485 nam

322 2529 492 2610 perspicua
508 2527 567 2593 sub
585 2530 709 2595 ratione
725 2529 885 2611 perspicui
902 2525 942 2590 ob
961 2525 1049 2590 ocsslo
1057 2525 1262 2607 judicantur,
1280 2528 1442 2593 mediante
1465 2531 1515 2594 lu·

326 2639 428 2712 enine:
457 2657 559 2722 neque
587 2639 672 2702 enim
696 2637 893 2721 crystallum,
922 2655 1024 2718 neque
1046 2638 1178 2709 vitrum,
1195 2653 1295 2718 neque
1314 2653 1448 2719 aquam,
1468 2641 1516 2706 oel

326 2765 432 2810 aerem
449 2749 485 2810 in
504 2747 639 2812 tenebris
653 2749 823 2829 perspicua
839 2765 903 2810 esse
921 2748 1153 2828 coqnoscimust
1170 2747 1254 2828 quod
1274 2749 1387 2830 optime
1407 2751 1512 2831 siqni-

325 2858 430 2940 iconis
448 2855 629 2921 Aristoteles
649 2857 670 2919 2
689 2856 724 2919 de
740 2858 851 2920 animo
864 2873 936 2938 por.
956 2855 1011 2930 68,
1026 2856 1147 2920 diceros:
1161 2856 1371 2940 Perspicuum
1397 2865 1511 2926 eutem

326 2968 416 3043 dico,
429 2967 519 3049 quod
536 2972 585 3032 est
601 2966 735 3048 quidem
752 2967 898 3042 visibile,
916 2984 982 3032 noo
1001 2973 1113 3032 eutem
1128 2968 1309 3034 secondum
1327 2988 1360 3034 se
1378 2971 1510 3036 visibile

327 3083 364 3142 ut
379 3078 572 3162 simpliciter
588 3077 714 3154 dicem,
729 3077 785 3142 sed
803 3083 935 3159 propter
950 3083 1125 3142 externum
1136 3079 1296 3142 colorem:
1308 3081 1403 3161 quasi
1413 3081 1512 3154 diem,

324 3193 528 3273 perspicuum
545 3197 605 3264 est,
624 3187 707 3272 quod
725 3196 835 3271 aptum
853 3195 899 3251 est
915 3197 1028 3251 notum
1046 3189 1161 3264 videri,
1180 3207 1246 3253 non
1268 3199 1377 3254 autem
1398 3207 1514 3258 secun-

328 3299 404 3362 dum
416 3318 465 3364 se:
484 3319 560 3365 nom
578 3302 615 3364 in
634 3299 768 3364 tenebris
787 3317 853 3365 non
871 3307 916 3362 est
933 3307 1043 3382 aptum
1062 3308 1175 3362 nutum
1191 3299 1305 3374 uideri,
1321 3301 1388 3365 nisi
1402 3311 1514 3384 quote·

329 3423 390 3468 nus
408 3410 619 3489 ssesceptioum
635 3417 681 3472 est
698 3411 843 3474 motionis
862 3427 884 3472 a
902 3427 1027 3491 corpore
1047 3409 1162 3484 lucido,
1182 3419 1218 3474 ut
1236 3419 1325 3476 nocte
1343 3411 1384 3476 ob
1402 3417 1511 3488 ostris,

329 3515 377 3580 cel
393 3514 434 3579 ab
449 3519 536 3598 iqne,
555 3518 604 3583 uel
619 3519 727 3602 aliquo
746 3520 802 3584 tali
820 3521 1019 3586 innominoto
1039 3519 1157 3594 lucido:
1173 3539 1273 3603 neque
1292 3521 1328 3585 in
1348 3521 1431 3598 luce,
1449 3525 1511 3588 nisi

328 3635 485 3709 quatenus
504 3629 696 3712 informatus
711 3640 756 3694 est
776 3630 856 3704 luce,
875 3649 913 3693 eo
924 3639 1015 3694 tenus
1034 3633 1163 3696 enimet
1180 3633 1323 3696 omnium
1334 3633 1511 3699 coloresre-
1612 3633 1617 3644 '

324 3746 507 3820 presentet,
541 3749 569 3803 ct
592 3743 656 3822 ipse
674 3742 760 3804 osuni
778 3741 888 3804 coloris
906 3743 1006 3822 specie
1024 3741 1201 3806 denudatus
1220 3753 1365 3826 apparet,
1386 3754 1416 3809 et
1431 3746 1512 3810 ratio

328 3859 373 3913 est
388 3851 529 3914 videndi.-
547 3851 631 3933 quod
639 3851 716 3914 inde
732 3859 833 3932 putet,
851 3853 928 3932 quia
949 3853 1087 3933 positum
1116 3869 1215 3934 supsu
1242 3855 1422 3920 censorium
1448 3873 1513 3920 non

329 3963 453 4043 impedit
466 3979 607 4036 sensum,
629 3963 772 4044 quinimo
785 3964 863 4045 tacit
881 3980 1025 4037 sensusne
1042 3980 1119 4028 nam
1136 3963 1243 4028 oculus
1263 3973 1293 4028 et
1310 3965 1512 4048 crystallinus

328 4071 455 4146 lsumor,
474 4074 538 4136 nisi
558 4073 743 4148 illuminati,
758 4073 889 4138 colorem
908 4093 972 4138 non
989 4075 1147 4147 sentiunt:
1163 4075 1248 4157 quod
1264 4093 1329 4140 non
1349 4077 1512 4158 eontinqe·

330 4189 390 4253 cet,
409 4183 437 4244 si
455 4191 531 4246 esset
549 4183 679 4248 visibilis
699 4193 837 4258 tantum,
858 4193 886 4249 ct
902 4205 966 4250 non
983 4188 1066 4250 cotio
1082 4187 1222 4251 uidendi:
1239 4187 1380 4252 sensibile
1410 4190 1511 4264 enim,

327 4308 426 4373 supra
444 4296 621 4358 consocium
636 4297 789 4376 positum,
806 4315 870 4362 non
887 4297 964 4379 [ecit
982 4313 1119 4360 sensum.
1129 4295 1188 4360 Est
1201 4299 1302 4378 iqitur
1314 4297 1433 4372 lumen,
1446 4307 1513 4362 tosus

326 4403 466 4486 qualitas
485 4406 577 4469 realis
596 4415 624 4468 ot
636 4407 782 4488 plsqsico,
801 4409 879 4489 quin
896 4404 1068 4481 sensibilis:
1087 4415 1154 4471 tum
1172 4409 1266 4472 etium
1284 4407 1515 4482 intentionalis,

328 4520 408 4603 quio
427 4525 470 4582 est
483 4519 565 4582 ratio
581 4517 715 4582 videndi.
733 4517 774 4581 dt
786 4539 859 4584 cero
870 4537 969 4601 opera
979 4521 1120 4600 precium
1131 4528 1175 4582 est
1187 4519 1362 4595 declarare,
1373 4539 1511 4603 quonam
