3096 5154
508 356 546 402 os
570 354 776 402 summussos
796 354 825 399 m
848 353 930 400 ossa
955 354 1040 400 cans
1293 337 1358 414 317

185 496 289 560 lucida
318 493 503 557 illuminatio
531 491 648 565 Luna,
678 500 714 554 ut
733 490 773 553 D.
794 488 931 555 Gaiitens
960 493 995 554 in
1026 492 1073 554 bis
1094 491 1360 558 obseruationibus

182 606 388 678 demonstran
400 613 507 668 tomen
521 602 609 668 nuiia
627 604 812 682 assipnatur
826 619 924 666 causa
941 603 1113 686 rnop'orum,
1127 604 1191 666 sioc
1208 606 1361 685 antiqua-

181 732 270 787 rum,
298 712 515 788 macularum,
545 730 615 794 pua
633 713 669 775 in
691 711 786 775 Luna
814 711 976 776 uidentur:
1004 714 1067 775 nisi
1096 712 1195 777 dicem
1216 713 1361 787 uelimus,

179 840 249 888 carn
263 831 389 905 partem
414 825 451 886 in
468 821 563 887 Luna
591 840 655 885 csse
677 823 782 886 maria
805 830 834 886 ct
857 823 1110 903 conprcpationes
1128 839 1301 904 aquarum,
1321 844 1362 888 ca

176 952 312 1017 quorum
330 934 508 1018 superficie,
526 933 671 1014 quamuis
696 932 779 1005 lavi,
798 931 903 995 iumen
933 930 1095 995 obscurius
1112 933 1303 1014 reflectatur,
1327 946 1363 1000 ut

182 1049 218 1109 in
234 1043 504 1110 obseruationibus
519 1042 653 1116 dicimos
667 1043 720 1106 scti
734 1044 788 1106 icoc
805 1060 869 1106 non
887 1057 972 1114 ocrc,
987 1041 1041 1104 scd
1053 1059 1111 1123 per
1127 1043 1363 1110 similitudinem

182 1152 372 1237 quamdam,
396 1161 426 1216 ct
454 1152 586 1233 exempli
614 1153 740 1233 pratia,
769 1151 887 1214 dictum
911 1159 1000 1232 puto.
1028 1148 1135 1227 Ouarc
1162 1153 1260 1218 abiam
1280 1159 1363 1220 assi-

181 1271 261 1344 pnat
278 1261 319 1324 D.
340 1259 478 1326 Gaiibus
497 1262 613 1326 barum
630 1261 831 1326 macularum
851 1263 1061 1343 antiquarum
1078 1280 1223 1339 causam,-
1240 1285 1361 1350 nempe,

184 1373 419 1452 beteropeneam
436 1391 473 1435 ac
492 1371 711 1435 dissimilarem
740 1371 964 1447 substantiam,
988 1391 1085 1458 quam
1113 1392 1244 1440 camare
1274 1377 1361 1451 dicit,

183 1500 249 1546 non
267 1482 356 1547 modo
374 1483 509 1563 maiores
527 1481 596 1545 ibas
614 1482 762 1546 obscuros
791 1482 945 1556 maculas,
974 1501 1085 1548 oerum
1112 1486 1206 1549 etiam
1228 1489 1362 1553 minores

178 1592 349 1674 quasdam,
368 1592 463 1656 ociuti
481 1593 601 1657 areolas
621 1591 780 1664 ciariores,
800 1594 885 1657 inter
902 1592 1050 1658 obscuras
1069 1595 1233 1677 dispersas.
1256 1594 1363 1671 Quars

182 1706 228 1767 ita
245 1720 362 1784 arpuo:
381 1704 409 1766 si
427 1702 626 1768 dissimiiaris
655 1703 832 1767 substantia
855 1704 891 1766 in
918 1705 1080 1788 superficie
1104 1703 1174 1770 ieci
1189 1713 1218 1769 ct
1235 1707 1361 1788 aquali,

183 1813 298 1896 absque
321 1812 580 1894 multiplicatione
603 1830 781 1894 corporum,
802 1814 885 1876 banc
909 1812 1047 1876 eamdem
1067 1815 1250 1878 canentem
1269 1813 1364 1882 Pno-

184 1922 365 1995 nomenbm,
385 1941 456 2005 pua
475 1924 511 1986 in
529 1923 654 2004 reliqua
671 1921 766 1987 Luna
784 1924 945 1999 videntur,
966 1941 1098 1989 causarc
1117 1923 1196 1988 vaiet
1210 1927 1245 1987 in
1262 1925 1364 2004 maio-

182 2031 271 2097 ribus
302 2031 402 2096 Luna
435 2031 585 2105 maculis:
612 2050 685 2114 arpo
714 2033 820 2096 eadem
849 2033 1046 2098 dissimilaris
1076 2033 1259 2098 substantia
1283 2035 1365 2098 ratio

184 2143 322 2207 eamdem
342 2141 589 2207 Pbanorncnbm
606 2145 791 2208 uarietatem
809 2145 846 2207 in
864 2143 1042 2208 illuminata
1060 2143 1160 2208 Luna
1177 2152 1270 2227 parte
1287 2161 1366 2207 cau-

186 2270 256 2316 sare
277 2255 401 2334 poterit.
422 2252 650 2336 Consequentia
669 2263 713 2318 est
731 2257 924 2329 necessarim·
946 2274 1023 2320 nom
1043 2275 1108 2320 uon
1127 2265 1174 2319 cst
1189 2256 1292 2338 major
1309 2274 1366 2320 ra-

187 2365 246 2436 tio,
265 2381 325 2428 cur
346 2362 523 2428 substantia
539 2362 655 2440 Luna,
678 2365 734 2429 ubi
762 2364 897 2446 majores
927 2365 1075 2430 videntur
1102 2365 1247 2439 macula,
1265 2369 1367 2448 mapis

187 2473 387 2538 dissimilaris
404 2475 458 2548 sit,
477 2492 574 2556 quarn
593 2475 648 2539 ubi
671 2475 775 2539 lucida
797 2483 943 2557 apparet,·
961 2493 1034 2539 cum
1052 2476 1115 2539 bac
1138 2475 1368 2540 dissimibrritas

185 2593 334 2650 sumatur
351 2603 447 2666 penes
472 2587 675 2667 perspicuum
704 2593 734 2648 ct
754 2603 900 2666 opacum,
928 2603 968 2648 ea
991 2584 1224 2666 qoibnstotnm
1245 2583 1369 2648 lunaris

183 2696 265 2778 piobi
282 2713 395 2778 corpus
413 2695 592 2759 admixtum
607 2705 667 2772 cst,
681 2704 717 2759 ut
731 2697 821 2778 infra
836 2695 1072 2761 declarabimus.
1089 2693 1153 2759 Sca
1166 2693 1370 2759 animadver-

186 2809 223 2872 tit
240 2809 322 2871 banc
341 2806 551 2888 difficuitatcm
572 2805 791 2869 solertissimus
811 2803 964 2880 Gaiileuss
981 2824 1079 2889 quare
1099 2804 1291 2887 inquinans
1314 2803 1364 2867 ar·-

184 2919 346 2982 oersitatcs
363 2914 564 2979 macularum
586 2915 778 2989 lucidarum,
799 2934 869 2996 pua
891 2918 925 2980 in
943 2915 1053 2978 mediis
1076 2913 1215 2979 obscuris
1236 2913 1369 2976 maculis

185 3026 347 3099 sidentur,
362 3043 443 3107 quas
459 3026 580 3090 exoriri
594 3025 719 3089 dixerat
738 3033 767 3088 ct
781 3027 909 3090 causari
924 3044 965 3091 ccc
983 3025 1229 3089 dissimilaritate
1246 3023 1368 3087 lunaris

188 3135 384 3208 substantia,
400 3137 435 3198 in
454 3136 508 3198 boc
528 3135 652 3218 differre
671 3152 692 3198 o
710 3137 818 3199 ceteris
833 3135 966 3199 maculis
984 3137 1020 3199 in
1036 3133 1140 3198 incida
1154 3141 1245 3215 parte
1263 3133 1370 3198 obscr-

187 3246 285 3318 oatis‚
304 3263 383 3326 quas
402 3263 466 3309 non
485 3245 522 3308 ob
541 3245 834 3318 dissimiiaritatcrn,
854 3245 907 3308 sed
928 3244 965 3308 ob
987 3244 1235 3327 inaquaiitatcm
1256 3261 1369 3325 supcr-

186 3357 268 3441 fleici
289 3357 368 3420 oriri
395 3363 501 3439 putat;
527 3355 700 3436 quodcum
721 3355 781 3419 iiia
799 3355 945 3427 macuta,
970 3355 1005 3417 in
1034 3353 1137 3419 lucida
1159 3352 1258 3418 Luna
1279 3362 1367 3434 parte

180 3464 358 3547 perspiciiio
379 3465 560 3538 obseruata,
580 3469 687 3529 varias
703 3466 866 3547 prabcant
895 3465 1111 3548 apparentias‚
1131 3466 1232 3546 juata
1260 3465 1367 3529 nescias

184 3594 266 3659 puas
284 3577 443 3659 rccipiunt
459 3594 480 3640 o
496 3573 566 3640 Sole
584 3577 822 3648 iiiustrationes,
839 3577 899 3648 ba,
917 3593 988 3657 qua
1002 3573 1040 3639 ob
1057 3573 1276 3638 dissimilarem
1294 3571 1369 3635 snb-

184 3689 337 3751 stantiasn
356 3695 496 3758 tanturn,
512 3695 541 3749 et
556 3705 620 3752 nou
634 3686 672 3749 ob
691 3685 936 3766 inaquabitatcm
954 3684 1140 3769 superficiei,
1156 3686 1249 3766 punt,
1266 3680 1368 3744 nnius

183 3797 308 3878 saciant
323 3799 430 3860 carias
448 3797 666 3878 appareamus,
687 3815 786 3877 neque
804 3797 1010 3867 minuantur,
1030 3793 1079 3858 oei
1099 3801 1293 3874 aupeantur,
1316 3790 1369 3852 seti

186 3904 300 3970 cadem
330 3923 450 3986 semper
478 3915 661 3988 appareant.
692 3904 755 3968 Sed
784 3907 847 3968 bac
864 3907 941 3969 mibi
958 3905 1117 3986 responsio
1135 3921 1199 3966 non
1216 3902 1369 3982 satisfacit

188 4012 280 4097 (pace
310 4015 448 4079 diocesim
479 4015 545 4080 Viri
574 4014 775 4100 doctissimi),
797 4033 869 4079 cum
885 4015 1059 4087 uideamus,
1077 4015 1113 4077 in
1131 4013 1236 4077 cadem
1255 4011 1323 4075 beoi
1340 4019 1370 4073 ct

188 4125 303 4207 aquali
317 4128 451 4208 parietis
468 4129 643 4210 superficie,
661 4131 708 4192 ita
726 4125 934 4208 apictoribus
957 4125 1162 4207 Perspectioce
1176 4124 1285 4206 peritis
1308 4124 1370 4186 mi·
1429 4132 1434 4142 ·

188 4239 267 4300 sceri
295 4237 402 4301 aiburn
429 4240 535 4320 succo,
560 4249 595 4301 ut
613 4240 722 4320 atiquo
741 4237 865 4320 quidem
883 4236 986 4308 nobis,
1006 4254 1028 4299 a
1044 4237 1134 4300 cario
1151 4235 1215 4298 situ
1233 4242 1261 4296 et
1279 4235 1368 4297 caria

190 4344 340 4410 distantia
358 4348 596 4429 aspicientibus,
616 4349 722 4412 eadem
741 4358 845 4412 tamen
856 4365 975 4430 semper
985 4354 1174 4429 appareant,
1186 4345 1274 4409 nubta
1284 4345 1369 4425 [acto

192 4456 355 4530 ocrisiam·
372 4459 480 4541 aliqua
498 4470 601 4523 autern
619 4462 710 4524 caria
729 4467 822 4540 atquc
852 4459 990 4524 diuersa:
1016 4459 1070 4520 boc
1101 4459 1182 4521 cnirn
1206 4455 1369 4537 proprium
