3304 5282
357 421 421 486 ³06
740 435 842 483 tostos
864 435 969 484 cassu
991 437 1030 482 ss
1053 437 1151 482 ossen

358 599 375 635 »
397 575 510 637 tatione
539 571 681 634 moditia:
706 579 847 634 attamen
876 589 941 634 non
962 569 1180 652 penerabitm
1197 569 1251 632 sed
1268 569 1348 632 unde
1366 587 1445 651 quo:
1461 593 1481 630 o
1505 573 1538 634 id

354 685 472 748 dieitur
489 679 663 744 seeundum
679 680 918 742 similitudinem
935 681 1105 761 quamdam
1119 689 1149 742 et
1166 679 1357 760 onoiopiom;
1377 697 1456 742 nam
1478 699 1538 744 ve.

356 793 413 856 iuti
422 809 454 854 se
466 789 558 853 nodet
568 789 703 851 materia
715 789 757 851 ad
766 789 900 869 formas,
918 796 953 850 ut
970 789 1011 850 sit
1029 788 1143 852 scilieet
1160 787 1332 867 sutjeetom
1344 789 1537 869 [annorum.

351 905 397 966 ita
414 919 446 964 se
465 897 554 962 nabet
573 897 690 961 ooekste
709 915 821 979 eorpus
836 897 879 959 ad
894 913 967 961 suos
986 905 1130 971 motores,
1150 898 1264 961 soiiieet
1281 899 1425 962 anim
1439 907 1469 962 et
1484 902 1538 964 in-

354 1010 570 1092 teiiiqentiam:
585 1025 650 1088 qua
663 1015 792 1088 propter
807 1006 881 1070 dene
893 1008 1012 1072 dteetot
1023 1005 1128 1080 Aves,
1142 1007 1218 1070 Gaii
1227 1009 1397 1071 nuteriam
1407 1009 1536 1091 diquius

354 1124 415 1187 diei
436 1119 623 1200 subjeetum,
647 1133 744 1198 quam
765 1119 947 1192 amusim,-
964 1119 1048 1200 quod
1060 1120 1185 1199 pariter
1202 1119 1435 1202 siqnifieaoerat
1453 1117 1536 1184 Ari·

352 1233 471 1296 stoteiss
483 1228 649 1311 suppositis
659 1226 777 1300 uerbis,
788 1226 863 1290 dum
875 1228 1014 1301 dixerat,
1029 1243 1159 1308 corporo
1172 1225 1400 1307 inqeneradiiia
1416 1227 1533 1292 tatere

252 1315 260 1326 ⁵
352 1343 518 1405 materiam
535 1338 618 1404 unde
636 1357 713 1420 qno,
744 1339 798 1401 iton
827 1346 885 1410 est,
915 1355 981 1400 esse
1010 1337 1184 1418 subjeetum
1211 1343 1330 1408 motin:
1358 1336 1533 1418 subiensnn

353 1455 437 1518 enim
465 1459 567 1514 neotus
597 1457 642 1512 est
670 1449 705 1511 in
733 1455 821 1523 ueto,
845 1465 909 1510 non
927 1449 963 1510 in
976 1450 1132 1528 potentio,
1152 1455 1188 1510 ut
1204 1445 1379 1527 subjeetum
1396 1465 1532 1528 qenera»

353 1564 457 1626 tionis.

439 1669 582 1734 Alterum
600 1687 687 1741 oero,
706 1669 790 1750 quod
805 1667 927 1732 nntium
941 1669 984 1732 ad
1000 1671 1082 1733 nane
1096 1669 1280 1750 positionem
1297 1676 1453 1748 sequatur
1469 1671 1532 1733 im-

346 1781 505 1864 possibiie,
521 1781 646 1860 pariter
663 1777 890 1844 demonstrabo.
911 1773 1063 1854 Quamuis
1081 1779 1166 1842 enim
1182 1779 1223 1841 sit
1241 1781 1318 1841 satis
1336 1777 1459 1860 difficile
1476 1781 1530 1844 in-

350 1893 498 1974 teiiiqere,
523 1891 700 1972 prasertim
724 1888 827 1962 nobis,
847 1891 903 1970 qui
921 1907 986 1952 non
1004 1891 1068 1952 nisi
1085 1891 1169 1951 inter
1186 1903 1319 1968 eorpora
1335 1889 1530 1968 qenerabitiss

349 2013 377 2066 et
395 1997 611 2081 eomsptibiiia
629 2015 809 2071 versamur,
828 2015 967 2078 quonam
975 2005 1068 2078 paeto
1079 2013 1192 2078 eorpus
1204 2007 1367 2062 eatensnm
1376 2007 1406 2060 et
1415 2015 1528 2080 quau-

350 2122 416 2175 tum
434 2118 539 2175 eareat
557 2109 706 2180 materis,
724 2125 796 2170 oum
814 2109 977 2188 quantitas
995 2115 1148 2188 sequatur
1162 2115 1315 2172 naturam
1325 2110 1479 2184 maurim,
1495 2119 1527 2172 et

349 2221 395 2284 iiii
407 2223 512 2303 primo
529 2219 682 2282 inhaerere
697 2215 859 2280 uideatur:
876 2225 980 2280 tamen
999 2235 1064 2280 non
1081 2217 1142 2280 erit
1158 2216 1332 2282 absordum
1345 2217 1393 2282 oei
1408 2221 1527 2301 impos-

347 2329 434 2392 sibiie
448 2329 569 2402 dooere,
580 2327 609 2392 si
620 2343 722 2390 unum
739 2343 966 2407 supponamus,
985 2327 1069 2408 quod
1084 2343 1106 2390 o
1123 2328 1246 2390 nemine
1261 2327 1447 2409 nepabitun
1463 2333 1528 2394 soi-

349 2440 432 2513 tieet,
450 2438 660 2504 substantiam
673 2437 817 2519 pauntia
834 2453 898 2500 non
916 2453 980 2500 esse
990 2435 1165 2518 subjeetum
1174 2435 1401 2501 accidentium.-
1412 2457 1455 2504 σω
1465 2459 1525 2522 quo

346 2552 490 2633 seqnitur
506 2549 716 2631 quantitatem
733 2564 797 2611 non
815 2546 912 2628 reeipi
929 2546 965 2608 in
983 2547 1118 2610 materia
1131 2547 1523 2627 pomeranensem

346 2661 509 2744 quantitas
519 2658 560 2720 sit
571 2655 728 2728 maidens,
741 2665 770 2718 et
780 2657 917 2718 materia
924 2657 1030 2736 prima
1038 2655 1080 2717 sit
1089 2655 1415 2738 substautiapatentia
1426 2657 1524 2742 (utss.

345 2772 381 2834 de
396 2769 587 2846 animpart.
606 2765 644 2838 2,
661 2772 691 2826 et
705 2765 810 2844 prima
822 2765 1025 2844 pnpsieorum
1043 2764 1096 2838 69,
1113 2773 1143 2828 et
1159 2767 1180 2829 7
1198 2765 1273 2832 stes.
1291 2765 1323 2831 8.
1341 2766 1521 2832 Aristoteles

345 2884 492 2944 testatum
521 2871 648 2954 reliquit
649 2869 680 2955 ),·
709 2871 763 2934 sed
791 2871 946 2935 mediante
959 2874 1074 2955 tornea.
1096 2873 1230 2951 Quodsi
1244 2881 1317 2959 quis
1331 2879 1521 2942 instantiam

344 2989 458 3074 offerat
487 2985 523 3050 de
551 2979 797 3046 atmeuuonttus
823 2983 1050 3057 interminatis,
1079 3002 1150 3066 qua
1170 2996 1348 3068 sequuntur
1366 2993 1520 3052 naturam

343 3098 485 3164 materia
497 3095 625 3178 primm
644 3099 674 3154 et
687 3093 716 3155 ei
733 3099 909 3174 corupetunt
927 3095 964 3156 in
978 3095 1114 3160 seeundo
1130 3095 1220 3160 modo
1240 3097 1362 3161 dmendi
1386 3115 1446 3179 per
1474 3115 1520 3171 ss,-

345 3211 417 3272 ttuie
448 3203 631 3287 respondeo,
660 3201 743 3284 quod
764 3205 971 3284 quantitates,
990 3205 1055 3268 sios
1069 3205 1288 3280 dimensiones,
1307 3209 1520 3275 interminata

344 3325 419 3378 saut
432 3317 469 3378 in
485 3315 620 3377 materia
634 3315 670 3376 iu
679 3315 822 3394 potentie
838 3319 911 3378 ante
925 3314 1117 3379 etuettonem
1130 3317 1257 3398 senna:
1271 3335 1372 3400 quare
1386 3337 1453 3384 non
1463 3339 1519 3402 po-

344 3432 401 3490 test
420 3423 495 3494 diei,
514 3421 597 3504 quad
614 3425 727 3488 sintin
754 3426 890 3489 materia
912 3426 1037 3506 primm·
1065 3425 1161 3490 oeisni
1189 3443 1289 3508 neque
1313 3435 1416 3508 potest
1443 3429 1515 3500 diei,

344 3532 427 3618 quod
442 3533 552 3616 forata
568 3532 788 3598 substantiaies
805 3536 870 3598 sint
886 3537 922 3598 in
941 3535 1060 3609 eadem,
1079 3537 1223 3616 quamuis
1238 3535 1274 3600 de
1289 3537 1389 3618 ipsius
1401 3540 1516 3619 premio

344 3645 536 3717 educantur:
553 3643 646 3716 aiios,
664 3639 799 3706 moena
813 3646 920 3725 prima
937 3646 1093 3711 diceretur
1107 3654 1274 3728 quantum,
1287 3648 1435 3711 etsaitem
1445 3665 1516 3714 cor-

338 3773 400 3838 pus
415 3755 451 3817 in
470 3771 580 3834 qenere
597 3751 789 3816 substantia.
812 3749 919 3827 Quom
934 3759 1121 3820 sententiam
1151 3757 1208 3821 etsi
1235 3759 1372 3821 sentiam
1400 3765 1517 3822 seeutm

340 3867 439 3948 [uisse
456 3865 540 3928 oiros
558 3861 762 3936 doctissimos,
778 3871 806 3926 et
822 3865 906 3928 inter
924 3874 1038 3932 eeteros
1055 3867 1265 3940 Zotaretiam,
1279 3877 1398 3942 tamem
1414 3878 1449 3932 ut
1463 3889 1517 3933 oe·

340 3995 415 4040 rum
442 3976 561 4058 fatear,
584 3989 759 4054 numquam
787 3981 892 4037 ratam
921 3977 1032 4042 tatere
1046 3979 1151 4059 potui,
1171 3997 1243 4042 enm
1261 3981 1395 4044 materia
1406 3999 1467 4061 per
1484 3999 1516 4043 se

340 4085 440 4165 ipsam
458 4103 557 4166 neque
575 4083 665 4164 quid,
685 4103 784 4166 neque
802 4095 973 4167 quantum,
989 4105 1089 4168 neque
1103 4087 1191 4152 adud
1204 4089 1376 4172 quidquam
1389 4089 1516 4156 dicotur

340 4211 461 4266 eorum,
480 4193 593 4274 quidus
612 4191 682 4256 Euo
700 4195 940 4269 determinetur,
960 4196 1013 4258 sed
1029 4198 1158 4262 omnino
1168 4203 1311 4280 potentia
1331 4201 1378 4262 sit.
1405 4195 1515 4273 Quare

340 4303 368 4367 si
389 4317 502 4382 eorpus
523 4303 650 4383 utiquod
666 4305 865 4369 statuendum
883 4315 938 4378 est,
958 4323 979 4368 a
996 4325 1059 4388 quo
1074 4319 1224 4374 sumatur
1239 4313 1322 4375 ratio
1338 4312 1461 4392 penoris
1480 4313 1514 4374 in

341 4412 499 4493 cateparia
517 4412 714 4487 substantio,
733 4414 862 4480 noterit
880 4415 994 4480 eoeleste
1014 4435 1139 4500 eorpus,
1158 4421 1211 4483 oui
1227 4421 1436 4486 dimensiones
1452 4431 1515 4486 trr-

340 4524 467 4589 minatte
481 4541 539 4605 per
556 4540 588 4586 se
607 4532 795 4606 compotum,
815 4546 878 4591 non
898 4528 1019 4592 ratione
1034 4531 1156 4611 forma,
1173 4551 1244 4596 oum
1256 4535 1324 4614 ep'ns
1334 4535 1441 4615 sonno
1452 4551 1514 4598 non
