3096 5154
418 375 560 430 ιιπιιι
582 368 974 425 momentaneam
996 368 1102 419 eoem
1280 347 1345 414 dod

181 537 185 547 ·
264 516 302 584 5⁰
323 513 409 594 Quia
441 529 674 596 nonnunquam
691 511 873 592 dispareant
905 506 1032 589 atiquo,
1061 511 1136 569 onte
1170 503 1346 570 abramium

352 641 492 690 curtum.

215 799 217 802 .
262 735 307 801 Et
336 737 400 800 nae
422 733 547 816 quidem
564 733 699 798 eoimiue
716 731 774 794 iete
793 728 996 808 Promptum,
1011 724 1162 808 pleraque
1178 725 1255 788 meie
1273 742 1348 788 can-

177 846 293 932 {ormia
309 844 430 909 erudite
446 840 635 913 damnavit,
653 838 835 910 annotarit:
850 854 872 899 a
889 853 965 918 quo,
983 836 1011 899 ei
1027 852 1049 898 a
1070 852 1119 898 me
1146 833 1272 908 noiant,
1301 833 1351 897 di-

177 961 268 1020 etant
283 953 341 1035 qui
355 952 503 1034 piceaque
516 952 579 1015 ieta
598 948 784 1032 labetactare
801 954 968 1011 conantur.
983 944 1030 1009 De
1045 946 1115 1009 ietie
1129 963 1203 1011 cero
1216 944 1351 1010 duodeu:

178 1069 311 1147 corpora
336 1062 401 1125 nae
431 1061 540 1124 tenuia
566 1076 644 1132 cere,
662 1066 697 1122 ot
712 1056 946 1139 perducentia,
968 1057 1032 1119 eive
1049 1053 1168 1129 entiae,
1189 1073 1255 1119 non
1272 1072 1352 1118 eree:

177 1170 351 1236 astronomi
368 1175 500 1243 certant,
520 1176 550 1232 et
567 1168 669 1232 adduc
686 1165 864 1246 subjudice
883 1164 920 1228 iie
941 1164 1073 1229 entered
1091 1164 1127 1228 iie
1146 1164 1353 1247 eeeeampttm

181 1281 240 1344 eim
255 1285 365 1360 pateat,
382 1295 429 1342 an
445 1276 644 1360 inaquaiiter
660 1283 861 1348 moveantar,
879 1292 953 1338 cum
969 1282 1034 1337 tam
1047 1291 1125 1356 rape
1143 1273 1177 1337 id
1193 1274 1283 1338 modo
1300 1274 1354 1338 de·

178 1386 405 1469 pretenderim.
420 1383 549 1462 Quodn
559 1403 670 1450 oerum
686 1392 745 1460 eet,
756 1391 793 1448 ut
810 1401 875 1447 eme
891 1400 977 1457 reor,
995 1385 1066 1468 finie
1085 1385 1258 1465 quastioni
1268 1385 1354 1458 nuic,

182 1514 242 1562 our
257 1495 364 1560 eadem
383 1513 548 1578 corporum
563 1495 696 1560 ictorum
712 1494 755 1558 ad
771 1511 803 1556 re
817 1494 1022 1576 conformatio
1032 1511 1097 1557 non
1106 1493 1227 1571 redeat,
1237 1502 1282 1557 eat
1292 1495 1355 1557 im-

180 1607 310 1689 positor.
326 1603 391 1671 Sed
406 1623 506 1688 neque
523 1604 654 1669 aiterim
672 1605 766 1677 tertie,
778 1604 864 1668 omni
875 1603 1052 1685 exceptione
1063 1603 1356 1711 majorinpdiieieci

180 1717 232 1800 sce
243 1721 299 1779 eet.
308 1711 394 1780 Nam
405 1711 544 1780 Gadibus
556 1709 669 1778 Gaiiiei
685 1712 869 1787 ademoaeit,
881 1712 902 1776 ὃ
914 1712 1034 1793 aprilio,
1050 1713 1191 1777 macuiar
1202 1714 1258 1778 doc
1268 1715 1356 1777 ecde-

184 1822 326 1899 natm
347 1820 673 1911 (Tae.x,Fig.11):
692 1830 726 1887 at
744 1841 817 1887 cera
830 1830 919 1887 eeato
936 1824 1045 1904 apriiie
1068 1825 1142 1901 ieta,
1162 1823 1210 1888 B:
1233 1824 1357 1889 tandem

184 1933 232 1999 die
259 1933 370 2016 apriiie
387 1933 410 1998 7
428 1934 500 2007 noc,
520 1931 555 1996 C.
576 1929 647 2014 Epo
664 1950 738 1997 uero
756 1933 837 1996 nisce
857 1932 957 1998 triocu
986 1932 1092 1998 dream
1120 1932 1223 2000 Soiem
1249 1935 1357 2000 inveni

185 2046 292 2118 talem,
309 2051 414 2127 eetque
431 2060 508 2108 aera
524 2050 555 2106 et
568 2042 825 2123 maqnitudinum
835 2049 864 2106 et
879 2045 1068 2126 fiqurarum,
1090 2052 1154 2108 tam
1168 2045 1250 2108 adeo
1262 2061 1359 2126 quam

185 2153 228 2218 ad
245 2149 362 2228 Salem,
380 2153 545 2235 proportio.
568 2150 627 2215 Ubi
638 2159 726 2234 patet
744 2147 899 2216 Gaiiieum
921 2154 957 2217 in
972 2154 1140 2236 principaii
1156 2155 1358 2238 fiquratione,

186 2263 387 2344 omnimnque
396 2261 439 2326 ad
448 2279 481 2326 ee
493 2261 693 2327 maeatarum
710 2262 965 2343 conformatione,
975 2281 997 2326 a
1007 2281 1055 2327 me
1075 2283 1276 2346 nequaqnam
1293 2264 1360 2328 die-

188 2370 300 2445 eidere,
329 2369 383 2435 red
409 2371 508 2436 eoirrm
537 2372 573 2436 in
602 2370 801 2452 einquIarum
823 2380 897 2454 apta
913 2373 1094 2453 pracieione
1113 2375 1257 2438 nonnihil
1274 2393 1296 2438 a
1311 2391 1360 2438 me

189 2480 288 2547 odire.
309 2476 401 2556 Quod
415 2482 485 2565 peri
496 2483 600 2564 patuit
618 2481 698 2546 veie
717 2482 846 2546 luminis
864 2483 1068 2556 vehementia,
1084 2482 1132 2546 oei
1149 2482 1216 2547 tubi
1233 2485 1361 2548 innabi-

189 2592 290 2666 litate,
309 2599 368 2656 cut
383 2591 477 2657 medii
493 2592 673 2674 interiectu,
691 2592 883 2658 eet-tondem
900 2592 1061 2658 oculorum
1078 2593 1273 2675 apritudine.
1290 2593 1360 2675 Epa

188 2701 273 2765 enim
288 2701 457 2783 eapiuime
471 2702 529 2766 noc
546 2702 704 2784 experior,
722 2709 759 2766 ut
776 2703 880 2768 eadem
896 2704 962 2786 sere
976 2711 1109 2785 tempore
1123 2704 1263 2769 maculae
1278 2706 1361 2769 inter

188 2828 220 2874 ee
242 2811 406 2885 metae,
423 2818 454 2876 et
471 2829 546 2876 macc
568 2829 635 2874 uno
655 2813 747 2894 quari
765 2819 870 2876 tractu
892 2814 1039 2895 coniurat
1060 2813 1180 2896 cibique
1203 2830 1360 2878 comnenae

187 2923 326 2987 intuear.
359 2917 452 2996 Quod
478 2921 578 2996 unde,
601 2929 630 2984 et
651 2921 803 3004 quomodo
817 2924 952 2996 eveniat,
972 2941 1058 2987 nune
1075 2923 1280 2995 ostenderem,
1299 2922 1362 2986 niu'

185 3031 352 3113 praiiaitoe
371 3029 503 3114 mureto
521 3037 648 3095 uetaret.
666 3030 750 3097 Nam
778 3050 857 3114 quae
885 3032 935 3095 iiie
959 3033 1107 3113 producit
1134 3033 1361 3098 observationes
1391 3095 1393 3099 ,

191 3139 267 3206 add
277 3139 384 3223 apriti·
395 3159 495 3224 usque
506 3141 548 3206 ad
563 3139 584 3205 3
600 3143 690 3216 maii,
701 3144 777 3207 meis
795 3160 836 3207 em
847 3150 909 3206 toto
918 3142 1039 3222 pariter
1053 3150 1246 3223 conpruunt:
1264 3165 1281 3207 e
1299 3161 1362 3225 quo

191 3247 419 3331 comeatum
435 3259 577 3325 moneat,
594 3252 658 3316 noc
674 3253 877 3333 picanomena
893 3259 1034 3333 respectu
1044 3248 1125 3316 Sotie
1136 3255 1222 3318 omni
1232 3271 1363 3336 prorem

187 3358 348 3442 paroaoct
375 3378 497 3436 carere,
520 3381 592 3426 cum
613 3365 649 3427 in
672 3372 736 3429 tam
754 3364 869 3428 dictitio
888 3361 971 3427 artie
986 3363 1145 3446 partitur,
1165 3365 1271 3448 qnater
1288 3374 1364 3431 eunt

189 3479 301 3537 nmtra
318 3467 489 3538 Germania
506 3481 537 3537 et
552 3473 662 3550 Italia,
681 3478 718 3539 in
736 3475 840 3539 eadem
862 3474 925 3538 ioco
943 3471 1024 3539 Soiic
1043 3475 1221 3541 videantur.

277 3581 434 3649 Pratereo
451 3601 539 3649 nunc
556 3586 739 3652 innumerae
757 3585 834 3653 aliar
848 3587 1044 3668 pnananuni
1059 3586 1154 3667 nuiue
1175 3593 1265 3650 teetee
1287 3603 1366 3651 oeu-

190 3694 283 3768 iatoe,
311 3695 363 3758 nic
388 3712 511 3760 mecum
539 3705 712 3773 percantet,
738 3699 822 3764 ciros
841 3717 914 3763 cum
930 3699 966 3763 in
980 3696 1224 3769 Mathematicu,
1244 3704 1312 3759 tum
1329 3696 1365 3757 in

192 3803 400 3886 Theotmum,
417 3813 446 3869 et
463 3806 632 3887 prudentia
648 3807 738 3874 duris
757 3811 992 3876 cereatieeimoc.

277 3912 412 3997 Eciipcie
430 3933 551 3998 nupera
570 3917 707 3992 lunaris,
723 3937 794 4001 qua
810 3936 914 3984 monce
932 3920 1017 4001 majo
1034 3917 1159 3991 accidit,
1172 3917 1236 3980 nac
1248 3912 1368 3976 adrem

189 4043 305 4101 meam
335 4043 432 4110 qnam
459 4046 545 4092 nunc
563 4035 675 4103 tracto,
695 4027 825 4093 edocuit.
846 4028 944 4111 Capit
961 4037 1034 4094 ante
1052 4031 1163 4093 norom
1176 4036 1296 4087 nonam
1314 4034 1369 4080 ae-

188 4139 374 4221 epertinam,
393 4137 519 4204 dimidio
536 4139 631 4203 vetuti
648 4138 839 4222 quadrante,
858 4139 948 4204 desiit
966 4141 1044 4210 nora
1061 4137 1160 4204 noetio
1172 4129 1371 4197 duodecima:

189 4248 270 4312 sieut
287 4265 359 4330 erpo
377 4247 553 4314 duratione.
571 4246 626 4314 Sic
641 4256 671 4313 et
687 4249 905 4332 maqnitudine
923 4249 1078 4315 caleuinm
1093 4241 1270 4329 superavit,
1287 4234 1372 4312 dioi-

191 4365 296 4422 torum
313 4359 398 4424 enim
412 4360 476 4442 [uit
494 4360 661 4424 minimum
678 4367 755 4427 octo.
772 4356 837 4424 Sed
854 4360 918 4426 dac
947 4361 1036 4428 modo
1062 4375 1127 4424 non
1154 4348 1289 4419 ventila:
1318 4338 1373 4400 itia
1489 4365 1500 4394 κ

192 4467 338 4534 nonnidii
357 4470 538 4552 conserunt:
562 4467 678 4536 umdra
707 4479 832 4538 terrena
849 4489 872 4538 a
887 4480 995 4541 centro
1012 4489 1069 4539 cuo
1086 4459 1298 4535 remotissima
1317 4461 1380 4508 ra-
