3096 5154
474 362 616 409 nnrrnne
638 362 734 409 sums
759 363 940 410 transenna
965 363 1076 409 inurar
1302 345 1367 409 ild

180 518 252 567 sam
270 500 320 566 BC
338 501 479 565 alucida
491 500 546 566 DE
557 500 887 573 disterminaret,neo
899 501 991 581 prius
999 499 1218 580 jungerentur
1230 501 1368 574 lumina,

178 629 280 695 qnam
299 612 347 675 sol
362 611 404 674 ad
420 612 547 674 lineam
566 608 640 672 ribi
651 611 866 691 pertingerem
877 611 966 692 qnod
978 611 1114 690 longum
1127 614 1200 690 post
1210 612 1369 690 temporis

177 723 393 787 intervallum
409 721 548 784 accidet.
558 721 630 785 Non
642 720 734 794 licet,
746 721 859 801 igitur,
876 738 919 783 ex
929 737 1024 783 mora
1037 720 1190 783 coitionis
1200 720 1368 783 luminum

178 832 421 897 sublimitatem
439 831 562 894 montis
580 829 661 893 ABG
680 832 808 893 venari.
826 830 938 901 Dices,
956 836 1007 893 sat
1024 846 1095 893 esse
1110 831 1171 893 tibi
1184 830 1370 912 perceptio-

178 960 256 1007 nem
268 943 428 1023 temporis
438 957 504 1021 quo
520 940 662 1005 altitudo
678 939 730 1005 BC
752 939 960 1003 illustratur?
977 940 1104 1003 Verum
1123 944 1156 1002 et
1173 939 1244 1003 haeo
1259 940 1372 1002 muta-

177 1053 270 1127 bilis,
281 1070 319 1115 ao
333 1051 435 1114 dubia
451 1050 584 1133 penitus
601 1056 666 1125 est;
684 1051 759 1131 quis
777 1051 867 1113 enim
886 1051 986 1113 linem
1001 1050 1234 1114 illustrationis
1248 1049 1371 1113 montis

182 1182 203 1227 a
219 1162 384 1244 principio
403 1160 657 1225 illuminationis
671 1160 761 1241 plani
777 1160 976 1241 distinguet?
993 1160 1070 1234 Sed,
1085 1160 1174 1241 qnod
1191 1162 1297 1242 magis
1311 1178 1371 1222 ur-

181 1279 248 1354 get:
269 1271 349 1335 Esto
369 1273 403 1335 in
422 1272 573 1352 apposita
591 1271 700 1351 ligura
714 1267 810 1352 (Tab.
831 1269 884 1344 lli,
910 1270 980 1351 Fig.
999 1269 1041 1354 V)
1059 1270 1148 1333 idem
1163 1287 1259 1333 mons
1277 1269 1369 1341 aad,

180 1387 391 1462 transeatque
420 1380 508 1443 idem
539 1380 652 1444 radius
667 1379 775 1444 BDEF
794 1398 853 1461 per
870 1381 974 1444 trium
989 1381 1155 1444 montium
1175 1383 1316 1446 vertices
1333 1380 1371 1456 B,

180 1492 220 1567 D,
238 1490 276 1555 E:
293 1496 435 1563 constat,
453 1491 521 1554 sole
538 1491 645 1572 posito
664 1490 698 1553 in
714 1490 803 1554 linea
820 1490 891 1564 EF,
910 1491 1072 1553 illustrari
1091 1492 1219 1572 apicem
1239 1492 1275 1566 B,
1300 1492 1372 1574 ejus

177 1621 258 1668 vero
277 1602 390 1665 radius
407 1601 507 1664 citius
526 1600 567 1663 ad
587 1600 733 1663 radicem
752 1599 776 1664 C
795 1601 1019 1681 perveniet,si
1031 1602 1116 1664 obex
1129 1603 1285 1666 remotior
1298 1604 1372 1666 iue-

179 1715 238 1788 rit,
265 1730 385 1794 nempe
414 1711 449 1774 in
475 1711 550 1774 loco
568 1710 607 1785 E;
631 1715 711 1774 tuno
734 1712 835 1782 enim,
854 1710 955 1774 ducta
970 1711 1058 1774 linea
1078 1708 1173 1786 CEG,
1195 1718 1228 1775 et
1248 1713 1281 1775 in
1301 1713 1373 1794 ipsa

179 1822 288 1906 posito
306 1822 386 1899 sole,
404 1821 574 1903 perveniet
592 1820 706 1884 radius
721 1821 763 1884 ad
783 1824 947 1901 punctum
965 1818 1002 1885 C.
1024 1820 1057 1886 Si
1086 1840 1166 1889 vero
1196 1822 1373 1904 objiciatur

179 1951 274 1998 mons
290 1933 450 2008 vicinior,
469 1950 588 2014 nempe
604 1932 644 2007 l),
662 1950 728 1995 non
743 1931 891 2012 proiecto
906 1931 1129 1995 illustrabitur
1143 1932 1241 1995 radix
1257 1930 1292 2007 C,
1308 1934 1372 1996 nisi

183 2061 262 2106 cum
278 2045 328 2107 sol
342 2045 378 2107 in
392 2042 478 2108 CDH
496 2044 639 2118 locetur;
653 2042 742 2122 quod
757 2041 863 2104 serius
881 2040 948 2105 liet.
963 2040 1078 2116 Vides,
1094 2042 1210 2123 igitur,
1225 2060 1371 2124 quanam

184 2156 312 2217 ratione
330 2155 417 2217 idem
440 2171 536 2216 mons
558 2154 634 2217 aliis
651 2159 683 2216 et
702 2154 777 2216 aliis
793 2152 998 2232 temporibus
1017 2153 1218 2229 illustretur,
1240 2172 1300 2234 pro
1319 2153 1372 2217 di·

182 2263 287 2324 versis
302 2263 539 2325 remotionibus
559 2263 826 2344 interpositorum
842 2279 1035 2343 corporum:
1052 2280 1094 2325 ex
1113 2281 1179 2343 qno
1200 2283 1320 2346 anceps
1339 2272 1372 2329 et

182 2372 310 2435 incerta
327 2370 478 2434 redditur
496 2373 604 2435 omnis
621 2374 799 2437 calculatio
814 2373 849 2435 in
868 2372 1043 2435 altitudine
1062 2373 1283 2454 disquirenda.
1302 2375 1370 2440 Nec

182 2481 267 2544 torte
284 2480 416 2556 credas,
431 2488 464 2543 te
483 2481 650 2545 declinare
668 2499 762 2563 posse
781 2482 994 2546 incommoda
1009 2500 1048 2545 ao
1064 2480 1276 2548 difficultates
1291 2504 1373 2549 con-

182 2591 322 2666 similes,
335 2591 547 2671 producendo
559 2583 791 2656 illustrationis
803 2593 951 2667 radium,
963 2610 1030 2656 non
1041 2610 1100 2673 per
1109 2594 1282 2657 sinuosum
1292 2612 1374 2658 oon-

181 2701 254 2766 iinii
267 2701 416 2776 ductum,
429 2702 486 2765 sed
497 2720 554 2783 per
565 2703 768 2782 exquisitum
781 2705 1035 2784 naturalemque
1045 2710 1248 2781 contactum
1256 2706 1375 2770 iisdem

181 2814 269 2877 enim
280 2812 478 2877 detineberis
489 2811 662 2893 angustiis
672 2812 788 2875 eadem
798 2815 889 2876 enim
902 2813 1044 2878 altitudo
1054 2814 1154 2879 modo
1164 2815 1263 2880 citius
1273 2815 1373 2880 modo

181 2925 309 2988 tardius
323 2922 585 2997 illuminabitur,
598 2923 676 2987 licet
693 2941 735 2986 ex
755 2923 872 2987 eodem
891 2926 1047 3005 aequabili
1071 2942 1110 2988 ao
1129 2926 1293 3007 perpolito
1310 2927 1373 2990 ho-

181 3039 308 3099 rizonte
328 3033 504 3115 proveniat
522 3032 708 3096 irradiatio.
730 3033 778 3098 Sit
795 3035 885 3098 enim
904 3034 1065 3115 sphaerica
1081 3036 1272 3114 superficies
1290 3035 1373 3102 BCD

185 3142 282 3228 (Tab.
294 3143 354 3219 ΙΙΙ,
367 3144 436 3225 fig.
449 3139 523 3228 vl),
532 3143 655 3223 montis
674 3143 818 3225 alicujus
829 3146 972 3209 altitudo
983 3146 1050 3218 Ba,
1060 3151 1201 3227 tangens
1212 3148 1330 3212 vertici
1342 3150 1373 3210 A·

182 3272 364 3319 occurrens
382 3254 424 3317 sit
442 3254 511 3328 DA,
529 3255 572 3317 sit
595 3258 707 3318 antem
726 3273 822 3318 mons
840 3257 940 3319 modo
958 3261 1160 3338 praeruptus,
1184 3274 1223 3321 ac
1239 3258 1306 3323 iere
1327 3260 1370 3323 ad

182 3365 454 3450 perpendiculum
473 3370 604 3429 erectus
619 3365 802 3428 seeundum
819 3366 942 3429 lineam
955 3366 1022 3440 AB,
1040 3367 1261 3433 mediocitins
1271 3371 1371 3433 modo

182 3497 263 3543 vero
277 3478 396 3541 leniter
409 3470 595 3540 'ascendens
612 3476 796 3539 secundnm
815 3476 938 3538 lineam
957 3475 1023 3541 ca.
1043 3477 1076 3543 si
1095 3479 1197 3560 igitur
1210 3498 1269 3561 per
1282 3498 1370 3562 pun·

182 3597 276 3654 ctum
294 3587 318 3652 C
336 3588 477 3650 ducatur
500 3593 744 3667 tangensque
763 3587 920 3668 utrinque
938 3588 1152 3664 extendatur,
1168 3608 1266 3672 snper
1283 3590 1369 3653 bano

182 3704 245 3767 erit
263 3706 334 3765 tota
358 3700 445 3763 linea
461 3697 582 3760 montis
604 3695 672 3770 CA,
693 3702 726 3759 et
744 3696 832 3760 inira
850 3698 1003 3762 eamdem
1021 3699 1084 3762 erit
1101 3716 1177 3780 pars
1194 3701 1286 3781 rupis
1305 3699 1370 3770 AB:

182 3830 286 3896 quare
314 3811 363 3874 sol
388 3810 422 3873 in
439 3811 510 3890 ipsa
527 3812 684 3888 tangente
704 3808 833 3871 locatus
850 3813 956 3872 totam
971 3809 1196 3874 extensionem
1215 3808 1271 3874 CA
1290 3809 1370 3873 illu-

183 3923 337 3997 minabit,
356 3920 414 3984 sed
431 3919 524 3999 rupis
543 3916 597 3980 AB
618 3917 753 3980 interior
771 3936 847 3998 pars
865 3918 918 3982 ΕΒ
938 3919 1045 3983 adhuc
1070 3921 1104 3984 in
1126 3922 1269 3986 tenebris
1296 3920 1369 3984 erit.

183 4035 319 4100 Constat
337 4034 449 4114 itaque
467 4029 613 4110 undique
632 4045 701 4092 esse
717 4029 897 4111 angustias.

273 4145 441 4227 Amplius,
458 4160 500 4207 ne
517 4147 549 4206 te
567 4147 758 4224 praetereat,
772 4142 883 4206 nullas
898 4143 981 4208 alias
998 4144 1259 4219 observationes,
1275 4161 1332 4208 seu
1349 4162 1368 4207 a

186 4266 277 4324 motu
295 4256 450 4324 coitionis
466 4255 650 4329 luminum,
668 4272 726 4318 seu
743 4273 763 4317 a
783 4253 948 4319 distantiis
975 4257 1144 4320 verticum
1175 4273 1194 4318 a
1224 4254 1371 4319 confinio

187 4369 270 4432 lueis
293 4371 425 4450 petitas,
457 4367 690 4431 accommodas
718 4383 787 4429 esse
806 4367 1038 4431 altitudinibus
1057 4369 1283 4439 dimetiendis,
1304 4365 1367 4428 nisi

185 4497 259 4560 quae
278 4480 438 4548 habentur
457 4481 547 4545 circa
562 4477 665 4543 Lunae
680 4480 914 4559 quadraturam
929 4480 974 4544 ibi
989 4480 1077 4543 enim
1094 4486 1226 4545 tantum
1241 4478 1366 4543 dista·-
