3096 5154
425 360 567 409 sttruos
591 359 720 406 intonso
743 356 822 403 stes
845 354 980 403 uscctttts
1004 354 1109 401 som!
1286 334 1351 401 ⁴53

177 570 181 577 ,
199 520 251 567 um
268 501 347 565 aiios
363 516 441 581 sape
459 498 595 570 accidat,
613 498 709 560 etiam
730 497 765 557 in
784 493 923 556 minimis
945 500 975 556 et
990 491 1179 555 tenuissimis
1200 492 1352 571 ejusmodi

130 648 133 653 ·
179 611 385 697 carpocratis,
413 608 686 692 quemadmodum,
705 608 733 669 si
752 611 918 686 oporteret,
944 602 1076 684 prodere
1089 616 1211 682 possem
1228 600 1352 671 normn,

179 726 261 789 diem
282 730 312 786 et
340 736 492 793 mensem,
509 719 666 799 suspicari
682 734 789 797 sopor,
807 724 919 779 caretro
936 730 1034 793 quam
1053 710 1146 775 muiti
1166 710 1352 792 opinantur,

179 850 310 917 corpora
339 833 401 894 ista
418 833 474 894 uic
491 831 580 894 nasci
603 836 632 891 et
649 829 779 891 interire
800 823 971 907 possessed
987 821 1138 903 ejotsmodi
1156 822 1353 903 epipnoutas,

180 944 349 1025 aptonius,
361 941 576 1021 anapttanias,
594 946 837 1019 aspectumque
858 934 1114 1015 reciprocationes
1136 936 1260 997 euenire
1277 950 1356 1013 pro-

175 1062 247 1135 pter
271 1052 352 1115 adias
376 1066 501 1119 euersas,
519 1048 700 1129 referendas
718 1048 753 1110 in
767 1052 900 1115 motum.
919 1046 954 1107 in
976 1045 1141 1107 raritatem
1164 1052 1194 1105 et
1214 1040 1356 1105 densita-

179 1168 254 1233 tem,
272 1162 369 1223 situm
385 1159 427 1222 ad
443 1156 560 1227 Solem,
579 1157 840 1221 illuminationem
857 1156 1062 1235 reciprocam,
1075 1152 1168 1216 medii
1181 1152 1355 1217 accedentis

180 1271 377 1343 uarietatem,
405 1271 541 1351 pquram
558 1266 691 1347 donique
710 1266 890 1347 propriam:
907 1281 978 1346 qua
995 1274 1100 1327 tamen
1118 1265 1164 1326 ito
1180 1265 1288 1327 omnia
1304 1263 1357 1327 di-

181 1380 297 1449 uerim,
316 1396 381 1440 non
395 1387 432 1440 ut
449 1396 471 1441 a
487 1379 644 1441 sententia
660 1378 718 1439 trac
732 1376 769 1437 in
785 1375 883 1439 otiam
899 1374 987 1439 adire
1005 1390 1070 1437 non
1087 1374 1191 1447 veiim,
1210 1384 1268 1438 aut
1289 1392 1355 1439 non

175 1490 306 1569 possim,
317 1488 345 1550 si
356 1488 606 1569 ipsareiueritas
623 1489 660 1549 in
678 1484 774 1548 aiidm
792 1503 848 1549 nos
867 1485 1041 1549 deduxerit.
1065 1482 1235 1549 Uritatioro
1249 1492 1357 1549 omen

179 1600 341 1679 sequimur
359 1600 521 1670 acaunus,
541 1604 570 1659 et
586 1613 607 1659 a
624 1595 811 1677 philosophis
827 1596 927 1674 maqis
953 1600 1085 1675 recepto.
1113 1592 1234 1657 Eadem
1258 1614 1355 1675 porro

178 1707 303 1771 macuta
332 1704 374 1780 Α,
406 1706 445 1769 17
475 1708 586 1770 martii
603 1708 634 1769 tt.
652 1706 674 1769 d
688 1706 702 1791 ξ
717 1724 799 1787 vesp.
819 1704 915 1791 (st.
934 1707 975 1781 Χ,
994 1706 1063 1788 Fig.
1081 1705 1131 1792 Ι),
1150 1714 1218 1770 tum
1234 1722 1257 1770 a
1273 1706 1355 1769 dieto

176 1819 348 1900 professore
365 1820 471 1882 resim
487 1826 546 1891 est,
566 1826 633 1880 tum
652 1820 745 1881 etiam
763 1836 785 1881 a
799 1818 933 1899 quodam
941 1816 1005 1881 aiio
1015 1815 1191 1881 doctissimo
1199 1818 1267 1881 rim
1277 1832 1355 1881 aon-

179 1928 404 2008 specimenque
422 1945 572 2008 maqnam
589 1927 818 2007 cnronoiaqiam
832 1926 1022 2007 propediem,
1045 1926 1095 1989 uti
1115 1943 1218 2008 spero,
1236 1925 1357 1990 videdi-

180 2054 267 2099 mus:
290 2047 355 2100 tam
375 2038 478 2100 densa
498 2056 593 2118 porro
611 2036 783 2117 niqredinis
797 2037 926 2117 speciem
944 2035 1030 2099 nobis
1049 2036 1182 2117 infudit,
1201 2040 1264 2109 uti,
1283 2054 1357 2101 cum

181 2143 261 2209 Soiis
283 2147 400 2209 circulo
420 2149 457 2209 in
479 2149 623 2210 chartam
637 2148 789 2227 projecto,
807 2148 875 2226 ipsa
889 2163 945 2225 per
964 2146 1038 2210 tales
1054 2146 1166 2221 nudes,
1185 2165 1255 2228 qua
1273 2148 1356 2212 soda-

181 2272 248 2317 rem
257 2256 378 2319 discurn
384 2258 509 2336 penitus
520 2258 618 2337 terme
627 2254 934 2336 obtinendamquod
945 2256 981 2316 in
988 2255 1112 2335 adjecta
1121 2259 1224 2320 cernis
1228 2258 1356 2342 Musa),

183 2374 287 2429 tomen
306 2367 479 2447 niqerrimo
496 2368 667 2429 transitum
680 2366 721 2427 ad
737 2364 863 2428 oculum
880 2367 1045 2431 inuenerit.
1066 2365 1270 2433 Tenebrosior
1284 2388 1357 2450 erqo

180 2483 249 2538 erat
265 2474 418 2548 nuditus:
434 2477 539 2539 minue
557 2477 642 2539 enim
667 2473 863 2539 tenebrosum
889 2493 947 2555 per
975 2477 1080 2555 maius
1111 2478 1359 2561 haudquaquam

181 2592 375 2664 transposes,
395 2585 444 2647 uti
461 2601 560 2664 neque
576 2585 636 2647 teta
655 2586 760 2647 tenuis
772 2604 830 2665 per
844 2602 987 2651 nassum
1002 2586 1140 2667 ntiquom
1158 2604 1299 2661 saccum,
1318 2589 1359 2653 ii-

179 2700 225 2757 cet
250 2708 362 2757 saccus
388 2712 444 2775 per
470 2694 564 2757 tetam
584 2694 627 2757 ad
643 2694 768 2759 acutum
784 2695 945 2776 persudat.
963 2694 1030 2761 Hoc
1048 2697 1132 2763 idem
1147 2698 1310 2779 prostitit,
1329 2707 1359 2761 et

179 2802 313 2885 amplius
329 2804 443 2878 mutto,
461 2805 589 2869 macuta
605 2803 649 2879 123·
663 2807 720 2871 noc
737 2806 819 2871 idem
836 2806 974 2886 efficiunt
986 2805 1145 2889 pleraque
1166 2808 1302 2889 maiores
1324 2810 1359 2871 in

179 2912 363 2978 hodiernum
377 2932 477 2997 usque
496 2914 592 2978 diem:
607 2933 657 2978 res
668 2914 1048 2981 sotumanimodoersions
1059 2916 1191 2996 indiqu,
1202 2916 1358 2997 habeoque

180 3022 276 3103 istim
298 3025 346 3090 rei
359 3032 449 3091 testes
467 3026 604 3091 oculatos
622 3024 881 3107 quamplurimos.
897 3022 930 3087 E
946 3026 1074 3089 macuta
1089 3028 1219 3107 insuper
1237 3024 1310 3093 Get
1324 3026 1360 3090 Η
1396 3085 1398 3088 ,

181 3132 306 3214 cottipos
321 3134 555 3217 difformitatem
570 3144 690 3201 motum
708 3136 835 3199 macuta
849 3136 935 3199 enim
946 3132 975 3199 G
986 3137 1129 3216 inpressa
1142 3144 1187 3199 est
1198 3134 1303 3201 Solem
1313 3137 1358 3201 26

180 3246 302 3319 moets'i,
329 3247 410 3327 quin
438 3255 468 3311 et
495 3256 570 3313 onte
593 3248 693 3320 tunc,
712 3246 767 3311 sed
783 3247 853 3309 uisa
874 3263 940 3311 non
957 3252 1019 3317 ests
1036 3251 1070 3309 at
1088 3264 1162 3311 uero
1177 3250 1309 3313 macuta
1324 3247 1362 3311 tt

180 3356 329 3421 introitus
343 3357 457 3423 uendit
473 3360 583 3423 martii
599 3356 653 3431 28,
670 3374 813 3440 opressus
831 3376 906 3423 uero
925 3357 1093 3437 utrimque
1113 3358 1238 3423 uidetur
1257 3362 1357 3442 [unse

179 3466 287 3541 timrei,
313 3466 337 3533 «2
362 3468 479 3533 scilicet
506 3469 633 3550 aprilis:
650 3468 816 3551 quidinde
833 3471 902 3551 pat,
919 3468 1012 3549 [aeide
1029 3468 1131 3542 eides:
1144 3471 1201 3533 itas
1220 3470 1358 3535 uidelicet

178 3573 307 3639 mndras
324 3578 361 3641 in
378 3574 449 3642 Sole
468 3596 533 3642 non
555 3580 668 3652 inesse,
694 3579 758 3643 nisi
786 3576 890 3643 &hm
919 3579 1002 3643 mari
1026 3578 1256 3643 mutabitiorem
1283 3582 1356 3645 retis

178 3686 420 3751 statuereNom
432 3708 507 3755 cum
522 3689 649 3755 moute
665 3688 696 3753 li
712 3689 771 3753 suit
789 3687 860 3753 Sco
878 3690 1040 3753 incesserit
1057 3690 1225 3753 minimum
1239 3688 1356 3755 duode-

177 3796 239 3859 cim
252 3796 389 3877 inteqros
409 3799 488 3875 dies,
505 3808 540 3863 at
557 3817 631 3863 mro
649 3796 678 3863 G
696 3816 854 3863 summum
871 3799 1029 3871 undecim,
1060 3796 1098 3863 tt
1120 3807 1156 3861 ut
1180 3801 1357 3881 pturimum

179 3922 305 3979 amem:
322 3908 506 3988 impossibiie
523 3918 581 3983 est,
601 3916 636 3972 ut
653 3910 757 3972 insint
774 3905 843 3971 Seii
859 3910 953 3973 etiam
966 3915 1081 3982 rotato,
1092 3924 1158 3973 non
1168 3916 1273 3971 tamen
1280 3909 1357 3987 plu-

177 4018 296 4081 rimum
322 4018 496 4083 mcundum
515 4018 670 4101 quasdam
689 4019 742 4081 sui
756 4026 863 4098 partes
878 4026 1036 4099 corrupto.
1051 4015 1145 4081 Sicut
1162 4023 1268 4079 aretem
1284 4034 1357 4079 mo-

178 4128 250 4195 uto
266 4125 298 4193 Α
316 4138 347 4195 et
363 4128 486 4195 monn
511 4133 634 4195 emissan
650 4130 778 4210 defecit,
795 4130 843 4191 ita
860 4126 990 4193 maenia
1009 4137 1070 4193 tres
1099 4125 1136 4201 t,
1155 4134 1184 4191 et
1211 4126 1281 4189 dua
1308 4126 1356 4199 dl,

178 4256 250 4303 esne
265 4240 406 4323 quadam
418 4240 485 4305 aiio
501 4243 537 4304 in
548 4240 706 4322 principio
723 4257 788 4303 nan
806 4246 881 4302 sunt
900 4238 983 4303 risa.
1002 4236 1109 4304 Motus
1127 4236 1307 4301 tarditatem
1321 4239 1356 4300 in

178 4348 324 4431 mu
339 4360 370 4417 et
386 4352 491 4427 cuitu,
520 4353 708 4417 retentatum
729 4353 766 4415 in
781 4347 896 4423 nudie,
914 4347 1175 4430 quemadmodum
1199 4356 1228 4413 et
1256 4353 1356 4410 meto-

179 4462 368 4545 ssaspiosin,
386 4464 488 4529 ducas
500 4482 516 4527 e
524 4461 696 4544 pierisque,
712 4462 911 4543 potissimum
926 4468 1033 4525 autem
1044 4478 1085 4525 en
1095 4457 1127 4523 tt
1136 4458 1273 4529 mecam,
1285 4472 1355 4536 quo
