3096 5154
173 268 237 335 tto
473 278 617 328 inrisas
640 278 737 326 sotis
760 276 943 327 uetustus
965 274 1079 325 sottus

170 422 245 488 lam
261 437 335 487 uero
354 417 506 500 quoniam
522 414 564 481 ob
586 416 728 481 oratione
746 413 789 479 ad
805 414 1020 488 multesima
1035 410 1176 479 diem
1200 411 1250 479 od
1273 412 1380 479 dorsu

172 535 263 604 dum,
292 528 333 595 ob
350 528 489 592 oronrto
506 527 550 592 ad
565 526 824 610 maceptorium,
847 542 870 589 o
885 523 998 609 meida
1015 522 1059 590 od
1071 524 1227 607 planum
1257 524 1381 591 &send
1416 550 1422 589 ι

172 657 289 725 penus,
306 647 336 703 et
353 656 375 702 a
388 638 511 705 rbetore
522 638 564 703 ad
572 637 787 721 pbilosopbum
797 635 1055 711 descendendum,
1065 636 1134 701 sios
1145 637 1266 703 mosis
1277 654 1380 703 mees-
1416 618 1423 749 ἔ

173 748 309 813 undum
335 755 396 823 est:
423 749 545 814 omissis
574 747 744 814 verborum
760 745 913 831 plusculis,
937 764 1049 813 restim
1062 745 1204 828 {rosetus
1223 754 1380 813 eamete-

175 858 298 932 blmur,
329 877 370 922 ne
393 858 527 924 obseura
544 857 714 924 uerborum
731 858 898 922 involucra
920 874 1030 924 rerum
1046 854 1222 940 splendori
1240 860 1380 942 opimant
1416 890 1419 899 ·

173 966 282 1049 Neque
300 987 373 1034 uero
387 987 435 1034 me
450 970 549 1052 sapit,
563 966 748 1042 Auditores,
763 968 888 1051 aliquos
903 965 1064 1051 aliquibus
1082 974 1246 1034 metrum
1258 968 1380 1035 subin&
1417 998 1420 1007 ·

174 1078 384 1145 dubitationes
411 1088 524 1145 contro
545 1097 583 1144 ea
610 1097 682 1162 ques
710 1079 848 1144 dicemus
869 1079 1069 1153 exoriturae,-
1096 1077 1156 1143 eed
1180 1098 1250 1147 mos
1269 1081 1312 1146 iis
1332 1079 1380 1166 (se
1416 1084 1423 1173 ξ

174 1190 326 1256 inanibus
354 1208 408 1256 oos
437 1189 703 1273 disputationibus
733 1189 855 1256 diutius
876 1187 1057 1276 muemm)
1078 1206 1125 1254 ets
1142 1190 1311 1275 inferiori
1327 1190 1381 1257 loeo

174 1304 266 1377 sotis,
282 1311 440 1386 quantum
460 1319 518 1384 per
534 1301 657 1383 inpenii
680 1301 783 1365 nostri
804 1299 1046 1366 imbecillitatem
1067 1300 1224 1376 licuerit,
1248 1303 1381 1385 [aetra
1419 1282 1424 1293 ⁸

171 1413 368 1496 pollicemur.

262 1523 404 1608 Affimso,
415 1525 526 1606 initur,
537 1524 575 1587 in
585 1519 687 1586 Luna
698 1520 786 1603 plobo
795 1530 917 1587 montes
930 1519 1065 1604 reperiri
1080 1517 1178 1603 lonpe
1190 1522 1242 1588 iis
1254 1522 1382 1597 aliaeu,

176 1654 255 1720 quos
272 1637 309 1701 in
332 1635 440 1703 Terris
459 1636 629 1718 qumquam
645 1633 829 1698 mortalium
858 1650 1003 1716 unquam
1030 1631 1210 1713 spectauit,-
1236 1635 1329 1718 quod
1347 1642 1382 1701 stt

169 1750 371 1831 precipuum
398 1746 483 1828 quod
509 1745 718 1818 intendimus,
747 1753 861 1810 catera
890 1744 976 1808 enim
1003 1742 1113 1808 omniu
1138 1743 1188 1808 ad
1223 1745 1265 1811 id
1293 1763 1383 1812 unu

175 1858 326 1930 tendunt,-
340 1855 545 1937 polliceorque
564 1874 628 1929 me,
648 1863 771 1936 quanta
789 1872 899 1920 eorum
916 1855 1071 1919 montium
1087 1853 1132 1917 tit
1151 1854 1324 1933 abitudo,
1339 1857 1383 1921 bu

176 1968 212 2029 in
242 1965 306 2030 loco
333 1966 550 2028 matbematice
573 1964 874 2031 dentonstralurum.
896 1961 990 2039 Ouod
1017 1970 1054 2027 ut
1079 1962 1236 2045 {utiliori
1271 1968 1384 2051 uepobs

174 2076 318 2157 patefiat,
347 2073 493 2155 quadam
509 2091 532 2138 o
549 2073 637 2138 nobis
655 2074 754 2140 solida
775 2083 871 2158 atque
901 2076 1092 2140 inconcussa
1113 2072 1293 2155 iacienda
1319 2088 1383 2145 sust
1423 2088 1426 2093 '

176 2183 399 2266 fundamenta,
419 2182 534 2266 quibus
553 2185 617 2250 bae
647 2193 713 2251 tam
740 2185 848 2251 arduo
875 2184 969 2250 moles
996 2185 1117 2250 innixo
1144 2186 1260 2255 altius
1280 2190 1328 2257 ad
1341 2208 1385 2257 ot·

178 2303 282 2360 strum
298 2297 440 2361 omnium
457 2294 701 2362 admirationem
718 2303 882 2379 cusurpat.

266 2405 414 2473 Primum
433 2415 519 2483 esto,
541 2417 712 2473 montanus
731 2409 822 2473 basae
835 2409 1085 2491 promittendus,
1102 2422 1261 2488 quarum
1279 2412 1385 2479 altitu·

178 2518 284 2585 dinem
313 2520 523 2600 inquirimus,
542 2536 648 2592 ueras,
666 2536 704 2582 ac
723 2518 809 2583 nullo
834 2518 925 2582 modo
952 2521 1056 2602 fictos,
1086 2517 1123 2580 in
1152 2516 1282 2591 lunari
1307 2521 1385 2607 plebe

176 2630 328 2710 reperiri:
351 2628 435 2708 quod
456 2629 512 2691 boe
539 2629 753 2708 experimento
782 2629 953 2692 certissimo
981 2627 1144 2692 statuitur.
1176 2628 1386 2717 Intempesta

177 2739 279 2803 noetis
297 2735 431 2810 silentio,
447 2754 520 2800 cum
531 2735 625 2800 Luna
637 2735 897 2818 semiplenap'acie
909 2756 967 2802 nos
981 2738 1114 2820 dispicit,
1132 2742 1294 2823 nosipsi,
1310 2744 1387 2811 tue

177 2850 288 2924 oculis,
307 2857 337 2914 et
355 2849 521 2932 sapissime
540 2848 689 2922 vidimus,
709 2856 737 2911 et
755 2847 967 2931 compluribus
988 2849 1059 2913 aliis
1083 2849 1293 2919 ostendimus
1319 2854 1385 2943 (ope

177 2963 344 3046 cujusdam
373 2962 577 3027 instrumenti
608 2960 692 3043 quod
718 2958 965 3042 Tubospecillum
1001 2960 1083 3024 lubet
1111 2960 1307 3044 appellare,
1336 2983 1384 3050 per

178 3076 261 3158 quod
277 3077 396 3157 objecta
415 3075 457 3140 ad
481 3075 607 3140 oculum
625 3072 773 3152 trajecto,
794 3075 881 3154 lonpc
901 3073 1067 3146 nitidiora,
1087 3072 1219 3152 maiora
1249 3083 1286 3140 et
1311 3078 1384 3144 uici·

180 3187 272 3247 niora
289 3186 449 3257 uidentur,
469 3205 565 3268 quam
583 3188 686 3267 reipsa
711 3182 810 3268 sint):
835 3184 983 3256 vidimus,
1004 3186 1150 3265 inquam,
1174 3183 1237 3250 boc
1256 3189 1385 3255 instru-

179 3302 299 3368 mento,
317 3304 345 3358 et
364 3306 516 3361 accurata
534 3299 722 3380 inspectione
742 3296 934 3378 disponimus
953 3297 988 3358 in
1006 3313 1043 3358 eo
1062 3294 1163 3357 Lnnoe
1177 3306 1296 3375 parte,
1318 3318 1384 3383 quo

180 3404 319 3469 nondum
344 3404 476 3470 l’ltabco
506 3407 621 3473 lumine
648 3409 783 3480 imbuta,
815 3415 880 3470 tola
910 3406 1042 3470 tenebris
1072 3409 1192 3479 barret,
1225 3412 1387 3491 quosdam

179 3519 309 3583 vertices
332 3528 425 3584 rutra
445 3518 522 3583 lueis
542 3523 713 3603 confinium
732 3521 879 3592 emicare,
900 3526 928 3580 et
948 3520 1041 3599 quasi
1064 3517 1220 3599 quasdam
1241 3520 1388 3589 illustres

181 3630 301 3695 insulas
320 3633 355 3695 in
373 3640 460 3695 costo
480 3629 681 3694 tenebrarum
698 3627 822 3692 Oceano
837 3636 935 3692 stare:
955 3637 1021 3692 tum
1035 3629 1203 3710 paulatim,
1220 3648 1263 3694 ac
1277 3633 1388 3714 mauis

181 3745 299 3809 lumino
320 3744 486 3825 pertundi.
517 3742 613 3805 dottcc
642 3759 683 3804 ea
713 3739 826 3804 insulis
845 3739 1020 3823 peninsula
1050 3740 1143 3820 occasi
1171 3741 1335 3819 evadant,
1359 3748 1388 3807 el

182 3855 356 3919 constituisti
376 3851 442 3915 luce
462 3872 533 3917 cum
551 3852 672 3937 reliquo
692 3870 818 3936 corpore
837 3851 1014 3916 illuminato
1033 3851 1289 3916 committantur.
1323 3850 1388 3917 Ye-

181 3966 350 4031 nebrieosa
369 3984 444 4029 terro
459 3964 718 4045 intercapedines,
738 3983 808 4046 urta
822 3963 957 4027 illustres
974 3961 1040 4025 illos
1057 3962 1184 4025 uertices
1200 3958 1237 4020 t'u
1253 3949 1387 4044 reliquo

181 4096 305 4158 corpore
325 4076 503 4141 illurninuto
523 4074 689 4146 stituerunt,
722 4074 821 4138 lucent
839 4075 955 4136 sensim
973 4073 1160 4145 admittunt,
1180 4078 1210 4133 et
1229 4071 1386 4138 tenebrat

180 4197 326 4271 exparte
345 4188 447 4251 ,ialam
466 4193 624 4269 spectante
648 4189 809 4250 otttittnnt.
837 4181 930 4258 (luod
948 4204 1024 4249 sone
1041 4186 1272 4267 planomcnon
1292 4183 1387 4249 noello

182 4301 270 4365 modo
301 4303 369 4386 tisri
395 4318 483 4383 pom
516 4296 681 4359 clientulum
711 4304 770 4369 est,
798 4296 860 4359 nisi
888 4296 1017 4379 quidam
1047 4298 1083 4361 in
1112 4294 1208 4358 Luna
1236 4300 1384 4362 tumores

182 4415 355 4487 emineant,
376 4430 412 4477 ac
430 4430 496 4493 pra
515 4409 631 4473 coneris
660 4407 803 4489 portibus
832 4409 924 4474 citius
951 4409 1056 4472 lunten
1083 4407 1270 4471 admittant:
1296 4425 1380 4488 quos
