3300 5276
399 401 542 450 namnnn
567 401 662 450 socen
686 403 866 450 subsannas
889 403 999 452 nusum
1228 389 1293 456 113

99 541 155 608 DE
171 541 323 608 conterre
342 543 453 622 potes,
471 557 533 604 nec
552 555 619 604 non
638 541 740 604 etlam
760 539 803 604 ad
819 541 982 623 integram
1002 541 1203 607 diametrum
1222 543 1292 608 dil.

102 653 187 720 Scias
215 653 374 734 insuper,
402 667 471 715 non
500 651 602 714 semal
630 649 742 714 offerri
759 650 862 716 etiam
881 651 1034 733 cuspides
1052 652 1294 720 illuminatase

102 763 230 846 wana
248 763 356 844 partis
375 760 512 826 conlinit
531 757 598 836 ΒΕ,
613 759 802 824 consimiles
817 760 874 836 iis,
888 779 962 842 quae
978 761 1295 838 notisl,1indican-

104 881 163 948 tum
180 891 226 938 ex
248 889 399 955 quarm
428 870 587 936 distantia
616 871 656 934 dn
685 870 860 934 altitudine
891 871 1071 936 earundem
1101 873 1295 938 ratiocinari

104 986 234 1050 obuium
246 984 296 1048 lit.
309 980 393 1059 Quat
405 999 484 1047 cum
495 981 757 1056 itasebabeant,
772 997 907 1046 omnem
925 980 986 1046 tibi
1004 981 1039 1046 in
1057 983 1120 1046 buc
1136 983 1294 1049 methodo

105 1093 274 1160 dubitandi
293 1107 413 1158 ansam
430 1091 579 1156 ablatam
597 1107 667 1156 esse
687 1107 773 1155 reor.

182 1205 234 1272 Ne
253 1204 338 1288 quid
356 1207 471 1268 antem
489 1202 552 1266 bac
572 1202 608 1266 in
622 1207 716 1284 parte
731 1201 1018 1266 animadversione
1033 1201 1172 1284 mgnum
1187 1203 1298 1268 intac-

106 1323 168 1380 tum
191 1317 422 1396 relinquatur,
445 1312 578 1378 silentio
600 1312 739 1376 minime
767 1312 940 1376 involvam
965 1307 1072 1396 (quod
1094 1315 1296 1396 geometrica

107 1429 252 1492 libertate
270 1425 402 1490 dictum
419 1439 490 1488 esse
506 1421 627 1508 velim)
644 1423 758 1504 aliqua
772 1439 826 1486 me
840 1423 964 1506 corripi
979 1423 1201 1502 dubitatione,
1214 1443 1297 1492 num

106 1539 239 1602 omnino
253 1551 331 1601 vere
347 1553 369 1599 a
383 1541 416 1600 te
431 1535 593 1616 scriptum
608 1535 666 1610 sit,
685 1535 809 1598 lineam
827 1533 994 1598 distantiae
1012 1551 1033 1598 a
1050 1537 1178 1602 radice
1196 1539 1298 1602 lumi·

108 1664 182 1712 noso
200 1645 244 1712 ad
260 1645 452 1712 confinium
471 1645 556 1709 lucis
578 1663 599 1710 a
622 1661 675 1708 me
693 1648 905 1726 usurpatam,
925 1639 1020 1728 (cum
1043 1645 1085 1710 ad
1108 1647 1297 1714 dexuosum

110 1758 281 1826 decursum
300 1757 398 1821 lineae
416 1755 554 1822 conlinit
566 1751 781 1841 terminatur)
797 1754 981 1836 longiorem
996 1771 1081 1832 esse,
1095 1771 1198 1837 quam
1213 1757 1241 1820 si
1255 1757 1299 1822 ad

110 1869 293 1932 naturalem
312 1867 400 1932 lucis
417 1865 614 1940 terminum,
633 1866 681 1930 ita
700 1869 767 1928 ate
785 1869 958 1940 vocatum,
972 1867 1166 1932 referretur:
1181 1867 1299 1933 existi-

110 1995 174 2044 mus
191 1979 305 2055 euim,
322 1978 366 2042 ob
383 1979 596 2040 montuosam
613 1974 716 2040 Lnnae
735 1975 963 2056 superficiem,
979 1982 1143 2058 punctum
1164 1977 1236 2041 veri
1259 1995 1299 2041 ac

109 2091 267 2154 naturalis
284 2091 473 2162 contactus,
499 2086 587 2150 inter
614 2085 776 2150 venirem
801 2084 1020 2162 illustratum,
1050 2089 1084 2152 et
1112 2085 1299 2152 llexuosum

110 2199 193 2264 lucis
209 2199 392 2264 terminum
408 2195 537 2260 cadere.
553 2197 598 2259 At
614 2212 693 2278 ego,
711 2199 877 2270 econtra,
894 2196 1082 2262 breviorem
1099 2199 1211 2280 potius
1227 2215 1299 2264 assa

111 2305 245 2370 albrmo
262 2307 446 2372 distantiam
465 2323 486 2370 a
502 2307 629 2372 vertice
645 2305 835 2370 illuminato
852 2305 895 2370 ad
905 2307 990 2372 lucis
1000 2324 1105 2390 usque
1117 2310 1300 2376 terminum

113 2417 151 2478 in
169 2420 343 2480 montuoso
359 2416 479 2482 Lunari
489 2433 628 2500 corpore
640 2421 984 2498 apparentem,quan1
995 2419 1023 2481 si
1034 2419 1205 2485 advenum
1217 2439 1301 2486 con-

111 2531 244 2590 tactum
263 2525 295 2588 in
313 2527 479 2608 superlicio
495 2528 640 2610 perlecta
659 2527 820 2610 sphaerica
839 2527 1030 2592 referretur.

202 2635 251 2704 stt
272 2638 360 2702 enim
377 2639 413 2702 in
429 2639 571 2720 perlecto
588 2637 751 2720 sphaerica
773 2637 949 2719 superlicio
966 2637 1114 2704 circulus
1131 2640 1301 2705 maximus
1339 2614 1344 2624 ¹
1439 2723 1442 2729 .

113 2747 220 2815 ARCD
236 2744 330 2834 (nab.
349 2747 407 2825 111,
426 2749 497 2832 Fig.
515 2747 585 2836 lll),
603 2749 717 2814 radius
735 2754 848 2814 autem
865 2753 1005 2830 tangens
1022 2749 1057 2813 ln
1075 2747 1100 2815 C
1119 2754 1190 2814 esto
1208 2748 1299 2828 Fun,

114 2861 312 2943 intedigatur
334 2877 418 2926 vero
435 2861 527 2926 ultra
544 2864 737 2926 contactum
759 2875 855 2924 mons
876 2859 1013 2940 quidam
1032 2859 1098 2937 BE,
1111 2860 1209 2944 cuius
1222 2877 1301 2926 ver-

115 2977 166 3036 tex
182 2973 208 3038 Ε
222 2973 436 3038 illuminatus
454 2972 533 3046 erit,
550 2975 584 3038 et
598 2971 758 3037 distantia
775 2987 797 3036 a
818 2969 965 3034 connato
981 2972 1131 3036 naturali
1153 2972 1216 3036 erit
1234 2970 1299 3038 EC.

116 3080 245 3158 Quodsi
258 3083 431 3149 montibus
453 3083 637 3148 confertam
655 3099 759 3164 ponas
777 3081 1002 3164 superficiem,
1022 3082 1105 3146 adeo
1119 3087 1158 3145 ut
1177 3099 1219 3146 ex
1237 3082 1300 3146 ad·

117 3207 209 3254 vareo
219 3195 335 3258 montis
346 3193 402 3258 ΕΒ
413 3195 637 3258 constituatur
650 3209 746 3258 mons
764 3193 850 3258 alter
867 3190 937 3269 GH,
956 3192 1054 3275 cujus
1071 3191 1204 3274 objectu
1222 3192 1301 3257 illu·

118 3301 247 3366 minatio
274 3303 363 3368 radii
392 3300 474 3366 FCE
503 3302 720 3384 impediatur,
736 3321 797 3367 uec
814 3303 1000 3368 illustretur
1016 3307 1134 3368 vertex
1151 3303 1179 3368 Ε
1197 3305 1261 3369 uisi
1279 3321 1301 3369 a

119 3412 292 3480 sublimiori
312 3415 410 3478 radio
424 3412 510 3490 ΙΗΕ,
524 3413 596 3495 J'am
612 3412 788 3478 manifeste
805 3412 899 3476 vides
917 3411 1108 3478 distantiam
1137 3413 1196 3478 ΕΗ
1224 3414 1301 3480 bre-

117 3523 233 3589 viorem
251 3526 391 3608 reperiri
411 3525 483 3607 ipsa
501 3523 566 3590 EC.
582 3523 642 3588 His
660 3523 708 3587 ita
726 3540 760 3586 se
778 3521 987 3598 habentibus,
1002 3531 1092 3606 patet
1108 3525 1301 3592 altitudines

119 3635 276 3702 lunarium
291 3639 472 3715 montium,
490 3655 550 3720 per
568 3635 654 3700 banc
668 3635 853 3698 breviorem
866 3633 1060 3700 distantiam
1073 3653 1093 3699 a
1104 3653 1157 3700 me
1170 3631 1231 3720 (ex
1241 3641 1301 3701 tua

120 3747 230 3812 albet
248 3745 435 3832 sententia)
455 3751 658 3830 compertas,
680 3747 827 3812 minores
845 3746 961 3821 luisse,
978 3763 1080 3828 quam
1098 3765 1231 3812 revera
1249 3747 1301 3812 lo-

120 3865 191 3935 reut,
208 3862 237 3924 si
255 3859 424 3942 majorem
441 3859 582 3924 alteram
601 3875 622 3922 a
639 3857 787 3922 naturali
809 3861 966 3922 contactu
988 3855 1181 3921 distantiam
1203 3873 1300 3920 acce-

120 3965 235 4044 pissem:
264 3969 365 4035 vides
393 3970 530 4052 insuper
557 3985 677 4034 verum
705 3986 772 4032 non
794 3983 881 4044 esse,
900 3966 989 4048 quod
1008 3972 1046 4032 tu
1066 3967 1300 4032 universaliter

122 4073 264 4158 affirmas,
282 4086 453 4164 punctum
470 4097 589 4162 nempe
608 4081 772 4146 naturalis
793 4085 968 4145 contactus
985 4079 1071 4144 inter
1093 4077 1121 4144 E
1140 4083 1173 4144 et
1192 4078 1222 4144 tl
1240 4097 1302 4146 ca·

123 4185 195 4254 lere.

192 4301 241 4366 sd
255 4304 403 4368 atteram
421 4305 487 4366 tua
503 4301 704 4368 narrationis
715 4307 843 4384 partem
854 4319 907 4367 me
918 4303 1054 4370 contero
1067 4299 1186 4389 (quam
1196 4319 1301 4386 usque

123 4405 160 4468 ad
172 4409 265 4478 inem
285 4415 400 4494 legere
415 4411 535 4500 potes),
554 4414 675 4494 inqua
696 4429 738 4478 ex
760 4415 931 4479 nonnullis
947 4415 1031 4480 meis
1056 4415 1299 4498 pronunciatis,

123 4513 213 4598 iisque
226 4526 336 4608 magis
358 4520 369 4609 (
375 4531 415 4589 ut
429 4523 592 4612 opinaris)
611 4525 654 4588 ad
671 4525 779 4591 dictas
795 4526 985 4592 altitudines
1003 4525 1221 4594 dimetiendas
1237 4541 1299 4587 ac-

225 4631 351 4690 disum
371 4631 615 4690 Gaulum-Tou.
637 4632 684 4688 ΙΙΙ.
726 4675 743 4686 ,
1128 4635 1145 4684 8
