3096 5154
583 346 811 395 tsrnon'olllcus
832 345 957 393 Nubelis
1314 329 1357 389 75

180 487 361 564 vibrantes,
380 492 478 568 atque
496 484 676 550 admodum
690 486 918 550 scintillantes:
929 484 1093 549 consimili
1106 483 1238 547 tandem
1250 485 1358 565 ligura

178 598 324 680 praeditas
335 600 493 680 apparent
504 613 582 659 cum
596 595 802 676 Perspicillo,
821 614 860 659 ao
879 596 959 660 dum
977 595 1124 659 naturali
1142 594 1266 658 intuitu
1286 612 1358 675 spe-

179 714 329 783 ctantur,
347 708 404 772 sed
423 706 505 770 adeo
520 705 679 786 maiores,
698 708 736 769 ut
765 704 903 772 Stellula
925 704 1049 786 quinta
1079 708 1138 768 aut
1161 706 1262 767 sextu
1285 720 1360 766 ma-

179 819 361 901 gnitudinis
379 814 503 882 Canem
519 811 717 900 (maximam
736 832 854 898 nempe
872 816 1018 881 lixarum
1037 812 1205 900 omnium)
1227 830 1359 894 aequare

177 929 344 994 videatur.
362 927 502 1002 Verum,
517 925 607 990 inira
625 924 743 991 Stellas
759 924 999 1007 magnitudinis
1016 928 1133 1001 sexta,
1145 925 1228 988 adeo
1239 939 1358 988 nume-

178 1057 292 1105 rosum
303 1056 435 1122 gregem
445 1039 600 1113 aliarum,
617 1038 806 1102 naturalem
816 1036 977 1100 intuitum
987 1034 1358 1117 fugientiumlperl’cr-

178 1151 344 1233 spicillum
361 1148 555 1223 intueberis,
572 1152 610 1212 ut
626 1148 686 1212 vix
704 1147 861 1214 credibile
879 1148 936 1222 sit;
946 1147 1058 1230 plures
1069 1146 1287 1228 enim,qnam
1298 1162 1356 1209 sex

179 1262 253 1325 aliae
264 1259 531 1342 magnitudinum
543 1258 749 1333 differentia,
759 1258 872 1323 videas
888 1259 966 1322 licet
979 1253 1036 1344 (*),
1046 1274 1188 1338 quarum
1200 1259 1356 1339 majores,

180 1385 262 1451 quas
279 1369 516 1452 magnitudinis
533 1369 696 1451 septime,
718 1385 776 1434 seu
800 1370 915 1450 prima
935 1368 1169 1443 invisibilium,
1187 1369 1353 1449 appellare

180 1494 368 1560 possumus,
385 1477 568 1560 Perspicilli
594 1479 757 1543 beneficio
778 1478 923 1559 majores
948 1482 981 1541 ct
1003 1478 1160 1542 clariores
1180 1476 1358 1560 apparent,

178 1607 280 1671 quarn
291 1589 529 1673 magnitudinis
539 1589 693 1655 secundae
705 1589 835 1665 Sidera,
847 1589 918 1653 acia
935 1589 1082 1652 naturali
1093 1589 1174 1652 visa.
1186 1588 1229 1653 Ut
1247 1593 1358 1652 autem

178 1699 219 1763 de
236 1698 430 1780 inopinabili
447 1699 515 1763 lere
533 1698 669 1762 illarum
685 1698 871 1779 frequentia
888 1716 992 1763 unam
1017 1696 1197 1763 alteramve
1222 1703 1360 1762 attesta-

177 1811 303 1875 tionem
312 1809 441 1887 videas,
452 1809 652 1874 Asterismos
663 1809 746 1873 duos
755 1808 960 1872 subscribere
968 1808 1108 1888 placuit,
1125 1813 1164 1873 ut
1181 1808 1222 1871 ab
1241 1826 1358 1872 eorum

178 1921 332 2004 exemplo
348 1921 390 1985 de
408 1920 536 1986 cateris
549 1920 716 2002 iudicium
733 1920 828 1984 ieras.
845 1919 882 1985 ln
901 1923 1010 2002 primo
1031 1915 1127 2003 (lab.
1145 1918 1188 1995 ll,
1208 1919 1278 1999 Fig.
1296 1916 1357 2003 lll)

179 2032 343 2114 integram
369 2031 505 2098 Orionis
531 2029 822 2097 constellationem
843 2032 977 2113 pingere
995 2031 1222 2105 decreveram
1239 2047 1358 2095 verum

177 2142 219 2204 ab
237 2143 364 2223 ingenti
383 2143 562 2208 Stellarum
579 2143 690 2225 copia,
707 2142 865 2226 temporis
881 2161 962 2208 vero
985 2143 1098 2225 inopia
1120 2142 1275 2217 obrutus,
1299 2159 1359 2223 ag-

181 2251 383 2333 gressionem
395 2253 656 2319 bancinaliam
675 2254 886 2318 occasionem
904 2254 1034 2328 distuli;
1052 2253 1183 2317 adstant
1202 2252 1308 2328 enim,
1326 2257 1359 2315 et

180 2360 273 2424 circa
292 2364 433 2437 veteres,
453 2361 540 2424 intra
557 2362 658 2424 unius
678 2369 737 2427 ant
766 2365 904 2428 alterius
921 2363 1044 2446 gradus
1056 2362 1192 2437 limites,
1207 2362 1358 2426 dissemi-

179 2475 279 2534 natur
307 2471 419 2551 plures
445 2470 647 2552 quingentis:
669 2479 868 2554 quapropter
885 2473 993 2537 tribus
1009 2490 1083 2554 quae
1101 2472 1137 2535 in
1153 2470 1308 2553 Cingulo,
1326 2481 1360 2538 et

179 2580 267 2644 senis
284 2597 358 2660 quae
376 2581 413 2643 in
430 2579 516 2643 Ense
525 2580 727 2662 jampridem
741 2583 907 2648 adnotata
919 2583 1067 2657 luerunt,
1079 2582 1163 2645 alias
1173 2581 1360 2665 adjacentes

178 2689 371 2770 octuaginta
388 2706 504 2754 recens
524 2672 615 2755 visas
632 2694 861 2774 apposuimus3
879 2711 1061 2774 earumque
1080 2693 1272 2769 interstitia,
1293 2710 1359 2775 quo

178 2801 329 2865 exactius
338 2799 445 2876 licuit,
456 2803 678 2865 servavimus:
689 2808 797 2880 notas,
812 2822 871 2868 seu
890 2809 1029 2880 veteres,
1041 2802 1262 2869 distinctionis
1280 2821 1359 2886 gra-

178 2912 241 2986 tia,
271 2910 416 2992 majores
444 2911 627 2992 pinximus,
655 2929 694 2976 ac
723 2912 848 2995 duplici
865 2915 953 2990 linea
970 2915 1256 2987 contomavimus;
1276 2913 1359 2976 alias

183 3021 427 3102 inconspicuas,
445 3022 605 3096 minores,
624 3040 663 3086 ac
681 3023 758 3087 nnis
770 3023 1081 3099 lineisnotavimus;
1092 3022 1358 3102 magnitudinum

180 3147 312 3211 quoque
324 3130 528 3206 discrimina,
539 3148 605 3212 quo
615 3133 836 3215 magislicuit,
848 3135 1065 3199 servavimus.
1075 3132 1113 3195 ln
1125 3133 1232 3195 altero
1244 3149 1359 3195 exem-

180 3240 237 3321 plo
257 3235 352 3324 (Tab.
364 3240 407 3314 ll,
419 3239 488 3322 Fig.
506 3239 568 3328 lv)
588 3258 647 3306 sex
666 3241 783 3308 Stellas
801 3244 917 3319 Tauri,
936 3239 1143 3308 PLElbllllS
1161 3241 1281 3318 dictas,
1301 3242 1358 3305 de-

180 3351 349 3433 pinximus
368 3346 460 3434 (dico
475 3357 588 3417 autem
598 3369 670 3428 sex,
681 3353 949 3434 qnandoquidem
960 3355 1097 3436 septima
1108 3353 1175 3417 lere
1186 3371 1358 3434 nunquam

180 3459 332 3548 apparet)
344 3461 431 3527 intra
443 3463 692 3545 angustissimos
710 3464 745 3527 in
764 3461 855 3529 Coelo
872 3465 1036 3529 cancellos
1053 3464 1221 3538 obclusas,
1238 3464 1359 3545 quibus

181 3573 256 3637 aliae
270 3572 381 3653 plures
397 3590 498 3653 quam
513 3574 732 3656 quadraginta
744 3576 926 3640 invisibiles
937 3575 1104 3659 adjacent3
1115 3592 1256 3656 quarum
1267 3575 1360 3639 nulla

181 3684 222 3747 ab
241 3682 353 3764 aliqua
369 3701 412 3746 ει
433 3685 599 3765 praedictis
628 3700 687 3748 sex
712 3687 771 3749 vix
801 3688 890 3752 ultra
918 3688 1143 3770 semigradum
1170 3687 1359 3767 elongatum

179 3792 299 3856 barum
317 3809 380 3855 nos
399 3798 529 3857 tantum
547 3796 683 3876 triginta
702 3814 760 3860 sex
779 3794 826 3883 (l)
847 3799 1095 3872 adnotavimus;
1110 3815 1291 3877 earumque
1307 3798 1361 3862 in-

179 3904 336 3977 terstitia,
354 3904 613 3986 magnitudines,
630 3924 692 3969 neo
713 3925 781 3992 non
805 3915 956 3973 veterum
986 3926 1217 3990 novarumque
1242 3907 1360 3971 discri-

180 4014 287 4090 mina,
305 4014 411 4079 veluti
429 4015 464 4078 in
481 4012 604 4080 Orione
622 4018 840 4082 servavimus.

250 4250 279 4309 (⁴)
294 4250 335 4298 Sic
350 4249 376 4298 ln
393 4246 447 4298 ils.
463 4251 489 4296 ct
503 4247 575 4296 editt.
591 4261 694 4298 omues:
712 4261 801 4299 serrsus
812 4252 890 4311 patet,
901 4249 1001 4300 tametsi
1017 4250 1130 4315 syntaxis
1140 4249 1277 4299 vorborum
1294 4243 1363 4308 paul·

180 4324 260 4376 lulum
276 4327 416 4376 claudicare
434 4325 555 4375 videatur.

899 4472 908 4485 x
972 4460 974 4479 ς
1069 4403 1137 4452 surr.
1155 4401 1227 4449 Edit.

256 4482 286 4536 (l)
303 4480 409 4542 triginta
427 4485 485 4530 tres.
504 4476 558 4530 MS.
576 4478 597 4526 l.
