3096 5154
513 333 551 379 or
575 330 779 380 rauranum
802 331 831 377 m
854 330 932 377 ouer
951 326 1042 376 'tune
1302 312 1367 379 285

193 472 298 549 Quare
315 476 415 552 petet,
437 468 544 551 piures
560 485 626 532 non
642 485 706 531 esse
725 465 875 541 Mundus,
905 474 934 529 et
960 466 1073 532 eainde
1103 483 1167 530 non
1194 485 1280 547 posse
1310 488 1365 533 nos

186 584 221 645 in
236 579 449 662 reniteturam
477 579 599 652 uenire,
630 575 713 658 quod
741 576 921 657 bujuemodi
952 575 1163 640 Pbanomena
1191 595 1267 640 nera
1287 581 1365 652 sint,

185 699 214 755 et
244 708 316 756 uere
347 691 414 754 sint
445 690 482 753 in
512 686 610 752 Luna
639 694 770 759 montes,
804 693 862 750 ant
894 685 1060 758 concuties,
1090 692 1147 749 out
1174 686 1296 758 maria,
1332 696 1366 750 ut

183 804 316 884 tortasse
343 799 460 881 aiipuis
493 798 687 862 emistimeret
717 812 833 877 perum
865 812 952 859 sane
979 797 1102 858 mentis.
1132 792 1170 858 Si
1199 796 1283 859 enim
1311 798 1366 860 boc

184 916 262 975 esset
279 925 404 982 oerum,
424 915 498 972 tune
517 923 638 971 maesse
656 913 732 970 esset
748 906 817 986 sore
834 903 961 968 Lunam
980 912 1157 968 terrestrem
1174 904 1300 985 piebem
1317 905 1367 969 at-

185 1021 285 1084 terius
301 1016 432 1092 Mundi,
451 1024 546 1098 etque
563 1015 609 1080 ibi
626 1014 771 1089 aliaesse
790 1013 959 1088 animalia,
977 1012 1055 1078 alim
1075 1015 1229 1089 nomines,
1245 1018 1301 1097 qui
1316 1017 1368 1080 iu-

184 1146 297 1193 nerem
324 1126 441 1200 orbem,
472 1124 569 1190 oeiuti
597 1125 692 1188 etiam
719 1124 776 1188 aiii
804 1123 895 1197 aios,
923 1124 1094 1188 incalerent
1118 1119 1183 1209 (i):
1206 1143 1291 1206 pua,
1309 1127 1367 1190 etsi

185 1236 343 1304 sennem
356 1235 560 1318 pernimio,
578 1242 617 1298 m
633 1249 733 1316 repra
750 1233 905 1305 amam
929 1230 1067 1314 opero,
1094 1231 1226 1308 rmore,
1259 1235 1367 1300 reem
1471 1209 1473 1226 ’

188 1349 253 1422 iao,
281 1365 336 1411 nec
364 1364 430 1410 non
457 1345 554 1409 etiam
575 1344 762 1417 Piutarebo,
781 1345 911 1408 minime
928 1342 1068 1409 absurde
1084 1345 1154 1408 eise
1169 1346 1307 1426 luerint·
1324 1365 1366 1411 ee

184 1456 282 1537 buius
300 1463 405 1519 tamen
421 1455 583 1520 sententia
601 1453 829 1535 mulctatione,
849 1472 915 1519 non
931 1453 1021 1519 mado
1039 1453 1190 1530 absurde,
1210 1475 1319 1521 oerum
1336 1466 1366 1520 et

180 1567 266 1648 inim
283 1572 313 1629 et
328 1563 532 1647 impossibilia
550 1564 793 1629 eonoineuntur.

695 1865 770 1933 Gne.
793 1864 854 1931 tx.

180 2062 291 2127 Utrum
305 2063 395 2126 Luna
412 2063 451 2126 sit
467 2080 579 2146 corpus
593 2062 715 2144 aliquod
730 2062 915 2127 alterationis
931 2068 1022 2145 atquc
1038 2063 1241 2146 corruptionis
1258 2080 1367 2143 capam

241 2170 271 2226 ci
287 2165 325 2227 sit
339 2182 440 2227 massa
453 2164 595 2244 quaedam
613 2163 707 2245 ignita
723 2172 839 2227 montes
855 2165 969 2228 bahem
983 2172 1012 2228 et
1025 2166 1189 2240 convalles,
1199 2170 1235 2226 ut
1246 2164 1368 2225 Anaxa-

244 2283 334 2347 goras
348 2265 545 2342 existimarii3
562 2273 616 2329 aut
632 2267 726 2328 veluti
743 2272 869 2330 exustus
884 2268 962 2348 lapis
979 2275 1009 2329 et
1025 2257 1153 2346 pumex,
1169 2265 1286 2329 utoiim
1299 2265 1369 2327 Dio

244 2367 313 2446 geni
327 2364 470 2447 Physico‚
482 2385 566 2430 nunc
580 2371 682 2430 cutem
701 2368 832 2448 Keplcro
847 2369 960 2448 placet,
976 2368 1169 2431 creberrimis
1182 2372 1211 2429 ct
1225 2366 1369 2430 maximis

197 2536 200 2543 ,
243 2467 327 2548 poris
340 2468 475 2548 undique
489 2469 653 2531 dehiscens.
1337 2485 1340 2489 ·

269 2694 419 2760 Fortasse
438 2704 558 2768 eutem,
577 2698 721 2778 quamuis
745 2695 929 2777 impossibiie
952 2698 992 2760 sit
1020 2694 1146 2759 Lunam
1174 2712 1237 2757 esse
1267 2693 1366 2757 otium

180 2814 342 2870 terrenum
358 2805 500 2887 piabum,
519 2824 556 2870 ac
571 2815 738 2888 propterea
756 2824 821 2870 non
840 2808 905 2870 sint
923 2824 994 2871 oere
1017 2808 1052 2870 in
1075 2809 1144 2888 ipsa
1166 2813 1285 2870 montes
1310 2822 1366 2866 nec

180 2913 287 2986 sebee,
306 2922 343 2978 ut
361 2915 398 2978 in
416 2922 527 2979 nostra
544 2923 620 2978 sunt
643 2913 764 2979 Tellure
783 2934 880 2997 quam
897 2915 1075 2980 habitemus
1095 2912 1158 3001 (2),
1172 2915 1295 2978 nulium
1307 2915 1367 2976 erit

182 3021 368 3096 absurdum,
386 3041 451 3088 esse
470 3026 505 3088 in
523 3025 590 3105 ejus
606 3027 766 3107 superficie
781 3027 964 3107 asperitates
975 3044 1012 3089 ae
1025 3024 1149 3097 tubera,
1165 3043 1235 3105 pua
1251 3025 1366 3087 nostris

183 3130 357 3206 montibus,
368 3134 403 3196 in
414 3135 574 3216 superficie
590 3132 696 3197 Terra
708 3134 929 3208 existentibus,
937 3135 1137 3215 proportione
1148 3134 1364 3214 respondeant,

182 3259 221 3305 ae
238 3222 352 3306 rursus
367 3251 471 3324 partes
489 3243 569 3306 aiios
588 3243 718 3306 bumiies
734 3242 951 3324 stirpenses,
968 3244 1081 3306 nostris
1096 3244 1225 3307 munina
1238 3242 1365 3308 cononi-

183 3349 264 3415 iibus
293 3355 358 3416 situ
385 3361 479 3434 atque
508 3357 613 3437 fipura
629 3353 804 3426 adsimilem
822 3353 905 3433 quod
922 3352 1045 3433 quidem
1064 3354 1176 3435 sufficit
1193 3353 1235 3416 ad
1252 3353 1364 3417 borum

179 3460 428 3528 Pbunomendm
444 3465 600 3528 rationem
618 3463 806 3527 reddendam
825 3465 933 3528 ceteris
948 3465 1206 3546 circumscriptis,
1222 3464 1364 3545 quodque

177 3572 383 3636 instrumenti
392 3590 487 3655 opera
496 3575 691 3655 potissimum
702 3572 790 3637 nobis
801 3572 990 3637 ostenditur:
1005 3583 1170 3656 propterea
1181 3591 1281 3655 opera
1289 3591 1364 3654 pre-

178 3682 262 3744 tium
278 3683 354 3756 erit,
371 3690 400 3746 et
418 3683 500 3747 bane
517 3685 707 3747 sententiam
724 3683 888 3766 diiipenter
911 3683 1082 3766 supendere
1105 3690 1200 3764 atque
1223 3683 1363 3747 conside·

177 3805 263 3854 rare.
286 3790 366 3854 Cum
383 3810 455 3856 uero
474 3794 507 3857 id
523 3794 640 3880 dupiiei
651 3796 773 3858 ratione
785 3796 962 3875 eontinpat‚
975 3813 1042 3858 uno
1052 3793 1193 3875 quidem,
1216 3796 1244 3856 si
1265 3793 1363 3857 Luna

177 3915 292 3979 corpus
321 3901 363 3963 sit
390 3901 628 3967 uberationibus
657 3903 847 3978 obnoeium,
870 3914 964 3986 atpue
987 3904 1057 3967 inde
1077 3904 1316 3968 diminutionem
1334 3915 1363 3967 et

178 4011 385 4076 decretionem
398 4015 557 4093 partium,
576 4014 789 4078 densationem
808 4024 835 4076 et
853 4015 1108 4096 rurefoetionem
1132 4015 1310 4078 scissionem
1333 4022 1362 4076 et

179 4120 405 4184 concretionem
420 4125 491 4203 pati
506 4126 617 4205 possit,
637 4124 678 4187 ad
697 4125 761 4187 boc
779 4125 861 4187 enim
881 4125 916 4188 in
936 4126 1114 4207 corporibus
1134 4126 1361 4207 penerabiiibus

249 4384 280 4442 tt)
300 4384 363 4433 Vedi
378 4386 406 4434 ia
421 4385 534 4436 Pontidia
552 4385 586 4435 N·
602 4386 709 4436 xxrtt.

249 4461 280 4518 iffi
302 4461 363 4513 Vedi
379 4464 406 4512 ta
422 4463 534 4515 Postiiia
550 4462 585 4514 Ne
600 4463 648 4514 XX
655 4465 720 4514 t'ttt.
