<?xml version="1.0" encoding="UTF-8"?>
<!DOCTYPE html PUBLIC "-//W3C//DTD XHTML 1.0 Transitional//EN"
    "http://www.w3.org/TR/xhtml1/DTD/xhtml1-transitional.dtd">
<html xmlns="http://www.w3.org/1999/xhtml" xml:lang="en" lang="en">
 <head>
  <title>
</title>
<meta http-equiv="Content-Type" content="text/html;charset=utf-8" />
  <meta name='ocr-system' content='tesseract 3.04.00' />
  <meta name='ocr-capabilities' content='ocr_page ocr_carea ocr_par ocr_line ocrx_word'/>
</head>
<body>
  <div class='ocr_page' id='page_1' title='image "./leoperedigalile10vivigoog_0077.png"; bbox 0 0 3096 5154; ppageno 0'>
   <div class='ocr_carea' id='block_1_1' title="bbox 121 2261 1318 2612">
    <p class='ocr_par' dir='ltr' id='par_1_1' title="bbox 121 2261 1318 2612">
     <span class='ocr_line' id='line_1_1' title="bbox 122 2261 1317 2335; baseline 0.001 -19"><span class='ocrx_word' id='word_1_1' title='bbox 122 2264 251 2332; x_wconf 76' lang='lat' dir='ltr'><strong><em>talemque</em></strong></span> <span class='ocrx_word' id='word_1_2' title='bbox 263 2261 392 2331; x_wconf 77' lang='lat' dir='ltr'><strong><em>anpnlum</em></strong></span> <span class='ocrx_word' id='word_1_3' title='bbox 412 2277 463 2316; x_wconf 91' lang='lat' dir='ltr'><strong><em>sua</em></strong></span> <span class='ocrx_word' id='word_1_4' title='bbox 489 2264 572 2333; x_wconf 77' lang='lat' dir='ltr'><strong><em>lisoio</em></strong></span> <span class='ocrx_word' id='word_1_5' title='bbox 592 2267 745 2334; x_wconf 88' lang='lat' dir='ltr'><strong><em>illustrans,</em></strong></span> <span class='ocrx_word' id='word_1_6' title='bbox 768 2267 955 2333; x_wconf 73' lang='lat' dir='ltr'><strong><em>felicissimum</em></strong></span> <span class='ocrx_word' id='word_1_7' title='bbox 970 2271 1081 2335; x_wconf 89' lang='lat' dir='ltr'><strong><em>partum</em></strong></span> <span class='ocrx_word' id='word_1_8' title='bbox 1096 2278 1129 2318; x_wconf 79' lang='lat' dir='ltr'><strong><em>ea</em></strong></span> <span class='ocrx_word' id='word_1_9' title='bbox 1143 2263 1251 2318; x_wconf 88' lang='lat' dir='ltr'><strong><em>sublimi</em></strong></span> <span class='ocrx_word' id='word_1_10' title='bbox 1270 2262 1317 2318; x_wconf 87' lang='lat' dir='ltr'><strong><em>illo</em></strong></span> 
     </span>
     <span class='ocr_line' id='line_1_2' title="bbox 122 2354 1317 2428; baseline 0.001 -18"><span class='ocrx_word' id='word_1_11' title='bbox 122 2357 217 2410; x_wconf 85' lang='lat' dir='ltr'><strong><em>ttsrono</em></strong></span> <span class='ocrx_word' id='word_1_12' title='bbox 228 2354 380 2424; x_wconf 73' lang='lat' dir='ltr'><strong><em>prospexit,</em></strong></span> <span class='ocrx_word' id='word_1_13' title='bbox 395 2367 548 2424; x_wconf 80' lang='lat' dir='ltr'><strong><em>onnsnrpue</em></strong></span> <span class='ocrx_word' id='word_1_14' title='bbox 561 2356 737 2425; x_wconf 74' lang='lat' dir='ltr'><strong><em>splendorem,</em></strong></span> <span class='ocrx_word' id='word_1_15' title='bbox 753 2365 834 2428; x_wconf 85' lang='lat' dir='ltr'><strong><em>atque</em></strong></span> <span class='ocrx_word' id='word_1_16' title='bbox 847 2358 1052 2426; x_wconf 87' lang='lat' dir='ltr'><strong><em>amptitudinem</em></strong></span> <span class='ocrx_word' id='word_1_17' title='bbox 1065 2371 1141 2410; x_wconf 87' lang='lat' dir='ltr'><strong><em>suam</em></strong></span> <span class='ocrx_word' id='word_1_18' title='bbox 1154 2357 1184 2409; x_wconf 88' lang='lat' dir='ltr'><strong><em>in</em></strong></span> <span class='ocrx_word' id='word_1_19' title='bbox 1202 2358 1317 2426; x_wconf 89' lang='lat' dir='ltr'><strong><em>purissi-</em></strong></span> 
     </span>
     <span class='ocr_line' id='line_1_3' title="bbox 121 2441 1317 2518; baseline 0 -16"><span class='ocrx_word' id='word_1_20' title='bbox 121 2463 195 2502; x_wconf 86' lang='lat' dir='ltr'><strong><em>mum</em></strong></span> <span class='ocrx_word' id='word_1_21' title='bbox 208 2453 298 2501; x_wconf 58' lang='lat' dir='ltr'><strong><em>&amp;rem</em></strong></span> <span class='ocrx_word' id='word_1_22' title='bbox 310 2441 484 2517; x_wconf 65' lang='lat' dir='ltr'><strong><em>profudit,&#39;ut</em></strong></span> <span class='ocrx_word' id='word_1_23' title='bbox 496 2449 651 2503; x_wconf 81' lang='lat' dir='ltr'><strong><em>uniuersam</em></strong></span> <span class='ocrx_word' id='word_1_24' title='bbox 664 2450 742 2504; x_wconf 88' lang='lat' dir='ltr'><strong><em>illam</em></strong></span> <span class='ocrx_word' id='word_1_25' title='bbox 755 2453 819 2517; x_wconf 86' lang='lat' dir='ltr'><strong><em>uim,</em></strong></span> <span class='ocrx_word' id='word_1_26' title='bbox 834 2464 867 2504; x_wconf 90' lang='lat' dir='ltr'><strong><em>ae</em></strong></span> <span class='ocrx_word' id='word_1_27' title='bbox 880 2455 1033 2518; x_wconf 90' lang='lat' dir='ltr'><strong><em>potestatem</em></strong></span> <span class='ocrx_word' id='word_1_28' title='bbox 1042 2455 1161 2503; x_wconf 72' lang='lat' dir='ltr'><strong><em>tenmum</em></strong></span> <span class='ocrx_word' id='word_1_29' title='bbox 1175 2464 1317 2518; x_wconf 87' lang='lat' dir='ltr'><strong><em>eorpuseu-</em></strong></span> 
     </span>
     <span class='ocr_line' id='line_1_4' title="bbox 123 2538 1318 2612; baseline 0.002 -19"><span class='ocrx_word' id='word_1_30' title='bbox 123 2541 178 2594; x_wconf 87' lang='lat' dir='ltr'><strong><em>lum</em></strong></span> <span class='ocrx_word' id='word_1_31' title='bbox 192 2554 248 2593; x_wconf 91' lang='lat' dir='ltr'><strong><em>una</em></strong></span> <span class='ocrx_word' id='word_1_32' title='bbox 261 2554 322 2594; x_wconf 85' lang='lat' dir='ltr'><strong><em>oum</em></strong></span> <span class='ocrx_word' id='word_1_33' title='bbox 335 2541 426 2593; x_wconf 91' lang='lat' dir='ltr'><strong><em>animo</em></strong></span> <span class='ocrx_word' id='word_1_34' title='bbox 434 2579 443 2606; x_wconf 95' lang='lat'><strong><em>,</em></strong></span> <span class='ocrx_word' id='word_1_35' title='bbox 452 2538 628 2594; x_wconf 71' lang='lat' dir='ltr'><strong><em>nobilioribus</em></strong></span> <span class='ocrx_word' id='word_1_36' title='bbox 642 2543 805 2596; x_wconf 71' lang='lat' dir='ltr'><strong><em>ornamentis</em></strong></span> <span class='ocrx_word' id='word_1_37' title='bbox 813 2545 873 2612; x_wconf 78' lang='lat' dir='ltr'><strong><em>jam</em></strong></span> <span class='ocrx_word' id='word_1_38' title='bbox 885 2558 904 2596; x_wconf 92' lang='lat' dir='ltr'><strong><em>a</em></strong></span> <span class='ocrx_word' id='word_1_39' title='bbox 915 2542 969 2597; x_wconf 81' lang='lat' dir='ltr'><strong><em>Deo</em></strong></span> <span class='ocrx_word' id='word_1_40' title='bbox 977 2543 1113 2608; x_wconf 76' lang='lat' dir='ltr'><strong><em>decorose,</em></strong></span> <span class='ocrx_word' id='word_1_41' title='bbox 1124 2543 1210 2610; x_wconf 86' lang='lat' dir='ltr'><strong><em>primo</em></strong></span> <span class='ocrx_word' id='word_1_42' title='bbox 1219 2542 1318 2610; x_wconf 88' lang='lat' dir='ltr'><strong><em>spiritu</em></strong></span> 
     </span>
    </p>
   </div>
   <div class='ocr_carea' id='block_1_2' title="bbox 119 2624 1407 3260">
    <p class='ocr_par' dir='ltr' id='par_1_2' title="bbox 119 2624 1407 3260">
     <span class='ocr_line' id='line_1_5' title="bbox 121 2624 1318 2705; baseline -0.001 -18"><span class='ocrx_word' id='word_1_43' title='bbox 121 2634 251 2688; x_wconf 76' lang='lat' dir='ltr'><strong><em>hauriret.</em></strong></span> <span class='ocrx_word' id='word_1_44' title='bbox 269 2631 368 2688; x_wconf 80' lang='lat' dir='ltr'><strong><em>Verum</em></strong></span> <span class='ocrx_word' id='word_1_45' title='bbox 380 2631 447 2702; x_wconf 82' lang='lat' dir='ltr'><strong><em>auid</em></strong></span> <span class='ocrx_word' id='word_1_46' title='bbox 459 2646 504 2703; x_wconf 80' lang='lat' dir='ltr'><strong><em>epa</em></strong></span> <span class='ocrx_word' id='word_1_47' title='bbox 514 2624 700 2702; x_wconf 84' lang='lat' dir='ltr'><strong><em>probabilibus</em></strong></span> <span class='ocrx_word' id='word_1_48' title='bbox 715 2640 781 2688; x_wconf 86' lang='lat' dir='ltr'><strong><em>utor</em></strong></span> <span class='ocrx_word' id='word_1_49' title='bbox 800 2633 1091 2705; x_wconf 67' lang='lat' dir='ltr'><strong><em>nominationibus,</em></strong></span> <span class='ocrx_word' id='word_1_50' title='bbox 1110 2648 1171 2687; x_wconf 88' lang='lat' dir='ltr'><strong><em>eum</em></strong></span> <span class='ocrx_word' id='word_1_51' title='bbox 1184 2634 1213 2687; x_wconf 89' lang='lat' dir='ltr'><strong><em>id</em></strong></span> <span class='ocrx_word' id='word_1_52' title='bbox 1231 2648 1318 2687; x_wconf 85' lang='lat' dir='ltr'><strong><em>neees-</em></strong></span> 
     </span>
     <span class='ocr_line' id='line_1_6' title="bbox 119 2724 1318 2796; baseline 0 -18"><span class='ocrx_word' id='word_1_53' title='bbox 119 2729 194 2780; x_wconf 89' lang='lat' dir='ltr'><strong><em>sars&#39;a</em></strong></span> <span class='ocrx_word' id='word_1_54' title='bbox 206 2725 393 2795; x_wconf 87' lang='lat' dir='ltr'><strong><em>propemodum</em></strong></span> <span class='ocrx_word' id='word_1_55' title='bbox 414 2724 521 2780; x_wconf 90' lang='lat' dir='ltr'><strong><em>ratione</em></strong></span> <span class='ocrx_word' id='word_1_56' title='bbox 537 2725 712 2788; x_wconf 86' lang='lat' dir='ltr'><strong><em>eoneludere,</em></strong></span> <span class='ocrx_word' id='word_1_57' title='bbox 735 2742 768 2782; x_wconf 89' lang='lat' dir='ltr'><strong><em>ae</em></strong></span> <span class='ocrx_word' id='word_1_58' title='bbox 793 2727 974 2782; x_wconf 86' lang='lat' dir='ltr'><strong><em>demonstrare</em></strong></span> <span class='ocrx_word' id='word_1_59' title='bbox 991 2727 1105 2796; x_wconf 80' lang='lat' dir='ltr'><strong><em>queam?</em></strong></span> <span class='ocrx_word' id='word_1_60' title='bbox 1128 2724 1240 2781; x_wconf 88' lang='lat' dir='ltr'><strong><em>Plaeuit</em></strong></span> <span class='ocrx_word' id='word_1_61' title='bbox 1262 2724 1318 2780; x_wconf 74' lang='lat' dir='ltr'><strong><em>lieo</em></strong></span> 
     </span>
     <span class='ocr_line' id='line_1_7' title="bbox 125 2813 1318 2890; baseline -0.003 -15"><span class='ocrx_word' id='word_1_62' title='bbox 125 2816 232 2888; x_wconf 90' lang='lat' dir='ltr'><strong><em>Optimo</em></strong></span> <span class='ocrx_word' id='word_1_63' title='bbox 240 2813 362 2873; x_wconf 71' lang='lat' dir='ltr'><strong><em>Maximo</em></strong></span> <span class='ocrx_word' id='word_1_64' title='bbox 372 2823 402 2871; x_wconf 92' lang='lat' dir='ltr'><strong><em>ut</em></strong></span> <span class='ocrx_word' id='word_1_65' title='bbox 412 2832 431 2871; x_wconf 92' lang='lat' dir='ltr'><strong><em>a</em></strong></span> <span class='ocrx_word' id='word_1_66' title='bbox 446 2815 628 2873; x_wconf 75' lang='lat' dir='ltr'><strong><em>serenissimis</em></strong></span> <span class='ocrx_word' id='word_1_67' title='bbox 638 2817 801 2874; x_wconf 85' lang='lat' dir='ltr'><strong><em>Parentibus</em></strong></span> <span class='ocrx_word' id='word_1_68' title='bbox 810 2821 865 2873; x_wconf 85' lang='lat' dir='ltr'><strong><em>tuis</em></strong></span> <span class='ocrx_word' id='word_1_69' title='bbox 879 2819 1067 2890; x_wconf 84' lang='lat' dir='ltr'><strong><em>nonindipnue</em></strong></span> <span class='ocrx_word' id='word_1_70' title='bbox 1080 2821 1260 2874; x_wconf 79' lang='lat' dir='ltr'><strong><em>existimarer:</em></strong></span> <span class='ocrx_word' id='word_1_71' title='bbox 1270 2821 1318 2885; x_wconf 86' lang='lat' dir='ltr'><strong><em>qui</em></strong></span> 
     </span>
     <span class='ocr_line' id='line_1_8' title="bbox 122 2910 1407 2982; baseline -0.003 -16"><span class='ocrx_word' id='word_1_72' title='bbox 122 2910 280 2966; x_wconf 69' lang='lat' dir='ltr'><strong><em>eelsitudini</em></strong></span> <span class='ocrx_word' id='word_1_73' title='bbox 294 2917 346 2963; x_wconf 85' lang='lat' dir='ltr'><strong><em>tua</em></strong></span> <span class='ocrx_word' id='word_1_74' title='bbox 363 2912 393 2964; x_wconf 95' lang='lat' dir='ltr'><strong><em>in</em></strong></span> <span class='ocrx_word' id='word_1_75' title='bbox 412 2910 548 2964; x_wconf 74' lang='lat' dir='ltr'><strong><em>tradendis</em></strong></span> <span class='ocrx_word' id='word_1_76' title='bbox 566 2911 760 2966; x_wconf 85' lang='lat' dir='ltr'><strong><em>matbematieis</em></strong></span> <span class='ocrx_word' id='word_1_77' title='bbox 783 2911 933 2982; x_wconf 82' lang='lat' dir='ltr'><strong><em>disciplinis</em></strong></span> <span class='ocrx_word' id='word_1_78' title='bbox 957 2926 1066 2981; x_wconf 87' lang='lat' dir='ltr'><strong><em>operam</em></strong></span> <span class='ocrx_word' id='word_1_79' title='bbox 1088 2925 1228 2974; x_wconf 71' lang='lat' dir='ltr'><strong><em>novaram,</em></strong></span> <span class='ocrx_word' id='word_1_80' title='bbox 1246 2911 1317 2978; x_wconf 81' lang='lat' dir='ltr'><strong><em>quod</em></strong></span> <span class='ocrx_word' id='word_1_81' title='bbox 1404 2968 1407 2973; x_wconf 12' lang='grc' dir='ltr'><strong><em>Δ</em></strong></span> 
     </span>
     <span class='ocr_line' id='line_1_9' title="bbox 119 3002 1314 3076; baseline 0.002 -20"><span class='ocrx_word' id='word_1_82' title='bbox 119 3004 224 3072; x_wconf 85' lang='lat' dir='ltr'><strong><em>quidem</em></strong></span> <span class='ocrx_word' id='word_1_83' title='bbox 237 3002 351 3072; x_wconf 77' lang='lat' dir='ltr'><strong><em>praebiti</em></strong></span> <span class='ocrx_word' id='word_1_84' title='bbox 364 3009 479 3072; x_wconf 79' lang='lat' dir='ltr'><strong><em>quatuor</em></strong></span> <span class='ocrx_word' id='word_1_85' title='bbox 496 3003 681 3074; x_wconf 75' lang='lat' dir='ltr'><strong><em>superioribas</em></strong></span> <span class='ocrx_word' id='word_1_86' title='bbox 695 3007 775 3060; x_wconf 90' lang='lat' dir='ltr'><strong><em>annis</em></strong></span> <span class='ocrx_word' id='word_1_87' title='bbox 788 3007 909 3076; x_wconf 83' lang='lat' dir='ltr'><strong><em>proaime</em></strong></span> <span class='ocrx_word' id='word_1_88' title='bbox 924 3003 1036 3075; x_wconf 90' lang='lat' dir='ltr'><strong><em>elapsis,</em></strong></span> <span class='ocrx_word' id='word_1_89' title='bbox 1052 3018 1082 3058; x_wconf 91' lang='lat' dir='ltr'><strong><em>eo</em></strong></span> <span class='ocrx_word' id='word_1_90' title='bbox 1101 3004 1168 3058; x_wconf 88' lang='lat' dir='ltr'><strong><em>anni</em></strong></span> <span class='ocrx_word' id='word_1_91' title='bbox 1182 3009 1314 3072; x_wconf 86' lang='lat' dir='ltr'><strong><em>tempore,</em></strong></span> 
     </span>
     <span class='ocr_line' id='line_1_10' title="bbox 119 3093 1315 3165; baseline 0.002 -17"><span class='ocrx_word' id='word_1_92' title='bbox 119 3110 171 3165; x_wconf 85' lang='lat' dir='ltr'><strong><em>qua</em></strong></span> <span class='ocrx_word' id='word_1_93' title='bbox 188 3093 396 3151; x_wconf 89' lang='lat' dir='ltr'><strong><em>aseoerioribus</em></strong></span> <span class='ocrx_word' id='word_1_94' title='bbox 413 3096 509 3151; x_wconf 88' lang='lat' dir='ltr'><strong><em>studiis</em></strong></span> <span class='ocrx_word' id='word_1_95' title='bbox 523 3099 611 3152; x_wconf 84' lang='lat' dir='ltr'><strong><em>osium</em></strong></span> <span class='ocrx_word' id='word_1_96' title='bbox 631 3113 685 3153; x_wconf 89' lang='lat' dir='ltr'><strong><em>esse</em></strong></span> <span class='ocrx_word' id='word_1_97' title='bbox 699 3099 843 3153; x_wconf 81' lang='lat' dir='ltr'><strong><em>consueuit.</em></strong></span> <span class='ocrx_word' id='word_1_98' title='bbox 865 3095 999 3164; x_wconf 84' lang='lat' dir='ltr'><strong><em>Quoeiroa</em></strong></span> <span class='ocrx_word' id='word_1_99' title='bbox 1018 3109 1081 3149; x_wconf 81' lang='lat' dir='ltr'><strong><em>eune</em></strong></span> <span class='ocrx_word' id='word_1_100' title='bbox 1092 3095 1160 3149; x_wconf 86' lang='lat' dir='ltr'><strong><em>mibi</em></strong></span> <span class='ocrx_word' id='word_1_101' title='bbox 1182 3095 1315 3150; x_wconf 87' lang='lat' dir='ltr'><strong><em>diuinitus</em></strong></span> 
     </span>
     <span class='ocr_line' id='line_1_11' title="bbox 119 3187 1316 3260; baseline -0.001 -17"><span class='ocrx_word' id='word_1_102' title='bbox 119 3190 199 3260; x_wconf 90' lang='lat' dir='ltr'><strong><em>plane</em></strong></span> <span class='ocrx_word' id='word_1_103' title='bbox 213 3191 365 3260; x_wconf 80' lang='lat' dir='ltr'><strong><em>eontiperit,</em></strong></span> <span class='ocrx_word' id='word_1_104' title='bbox 381 3197 412 3245; x_wconf 88' lang='lat' dir='ltr'><strong><em>ut</em></strong></span> <span class='ocrx_word' id='word_1_105' title='bbox 429 3191 590 3247; x_wconf 76' lang='lat' dir='ltr'><strong><em>celsitudini</em></strong></span> <span class='ocrx_word' id='word_1_106' title='bbox 604 3199 656 3247; x_wconf 89' lang='lat' dir='ltr'><strong><em>tua</em></strong></span> <span class='ocrx_word' id='word_1_107' title='bbox 670 3193 842 3258; x_wconf 81' lang='lat' dir='ltr'><strong><em>inservirem,</em></strong></span> <span class='ocrx_word' id='word_1_108' title='bbox 858 3197 938 3258; x_wconf 80' lang='lat' dir='ltr'><strong><em>atoue</em></strong></span> <span class='ocrx_word' id='word_1_109' title='bbox 955 3188 1013 3242; x_wconf 87' lang='lat' dir='ltr'><strong><em>ideo</em></strong></span> <span class='ocrx_word' id='word_1_110' title='bbox 1027 3187 1191 3243; x_wconf 80' lang='lat' dir='ltr'><strong><em>incredibilis</em></strong></span> <span class='ocrx_word' id='word_1_111' title='bbox 1205 3187 1316 3242; x_wconf 86' lang='lat' dir='ltr'><strong><em>elemen-</em></strong></span> 
     </span>
    </p>
   </div>
   <div class='ocr_carea' id='block_1_3' title="bbox 112 3281 1315 4554">
    <p class='ocr_par' dir='ltr' id='par_1_3' title="bbox 112 3281 1315 4554">
     <span class='ocr_line' id='line_1_12' title="bbox 121 3281 1314 3356; baseline -0.003 -18"><span class='ocrx_word' id='word_1_112' title='bbox 121 3287 164 3338; x_wconf 87' lang='lat' dir='ltr'><strong><em>tia</em></strong></span> <span class='ocrx_word' id='word_1_113' title='bbox 181 3298 213 3338; x_wconf 90' lang='lat' dir='ltr'><strong><em>ae</em></strong></span> <span class='ocrx_word' id='word_1_114' title='bbox 234 3281 401 3354; x_wconf 75' lang='lat' dir='ltr'><strong><em>benipnitatie</em></strong></span> <span class='ocrx_word' id='word_1_115' title='bbox 417 3292 469 3340; x_wconf 88' lang='lat' dir='ltr'><strong><em>tua</em></strong></span> <span class='ocrx_word' id='word_1_116' title='bbox 482 3286 572 3341; x_wconf 92' lang='lat' dir='ltr'><strong><em>radios</em></strong></span> <span class='ocrx_word' id='word_1_117' title='bbox 587 3289 698 3356; x_wconf 91' lang='lat' dir='ltr'><strong><em>propius</em></strong></span> <span class='ocrx_word' id='word_1_118' title='bbox 713 3286 876 3355; x_wconf 83' lang='lat' dir='ltr'><strong><em>eaeeperim,</em></strong></span> <span class='ocrx_word' id='word_1_119' title='bbox 892 3282 958 3353; x_wconf 77' lang='lat' dir='ltr'><strong><em>quid</em></strong></span> <span class='ocrx_word' id='word_1_120' title='bbox 968 3283 1069 3337; x_wconf 87' lang='lat' dir='ltr'><strong><em>mirum</em></strong></span> <span class='ocrx_word' id='word_1_121' title='bbox 1082 3282 1108 3335; x_wconf 90' lang='lat' dir='ltr'><strong><em>ei</em></strong></span> <span class='ocrx_word' id='word_1_122' title='bbox 1119 3283 1225 3335; x_wconf 88' lang='lat' dir='ltr'><strong><em>animus</em></strong></span> <span class='ocrx_word' id='word_1_123' title='bbox 1240 3297 1314 3335; x_wconf 86' lang='lat' dir='ltr'><strong><em>meus</em></strong></span> 
     </span>
     <span class='ocr_line' id='line_1_13' title="bbox 115 3375 1314 3448; baseline -0.003 -18"><span class='ocrx_word' id='word_1_124' title='bbox 115 3375 315 3445; x_wconf 87' lang='lat' dir='ltr'><strong><em>adeoinealuit,</em></strong></span> <span class='ocrx_word' id='word_1_125' title='bbox 331 3383 361 3431; x_wconf 92' lang='lat' dir='ltr'><strong><em>ut</em></strong></span> <span class='ocrx_word' id='word_1_126' title='bbox 375 3377 445 3432; x_wconf 82' lang='lat' dir='ltr'><strong><em>nibil</em></strong></span> <span class='ocrx_word' id='word_1_127' title='bbox 459 3378 538 3433; x_wconf 90' lang='lat' dir='ltr'><strong><em>aliud</em></strong></span> <span class='ocrx_word' id='word_1_128' title='bbox 550 3378 744 3448; x_wconf 86' lang='lat' dir='ltr'><strong><em>propemodum</em></strong></span> <span class='ocrx_word' id='word_1_129' title='bbox 766 3378 825 3432; x_wconf 89' lang='lat' dir='ltr'><strong><em>dies</em></strong></span> <span class='ocrx_word' id='word_1_130' title='bbox 843 3382 982 3445; x_wconf 83' lang='lat' dir='ltr'><strong><em>noctesque</em></strong></span> <span class='ocrx_word' id='word_1_131' title='bbox 1005 3375 1160 3441; x_wconf 87' lang='lat' dir='ltr'><strong><em>meditetur,</em></strong></span> <span class='ocrx_word' id='word_1_132' title='bbox 1180 3389 1260 3444; x_wconf 80' lang='lat' dir='ltr'><strong><em>quam</em></strong></span> <span class='ocrx_word' id='word_1_133' title='bbox 1285 3381 1314 3428; x_wconf 89' lang='lat' dir='ltr'><strong><em>ut</em></strong></span> 
     </span>
     <span class='ocr_line' id='line_1_14' title="bbox 119 3467 1315 3542; baseline 0.001 -20"><span class='ocrx_word' id='word_1_134' title='bbox 119 3486 177 3540; x_wconf 76' lang='lat' dir='ltr'><strong><em>opo,</em></strong></span> <span class='ocrx_word' id='word_1_135' title='bbox 193 3471 241 3540; x_wconf 81' lang='lat' dir='ltr'><strong><em>qui</em></strong></span> <span class='ocrx_word' id='word_1_136' title='bbox 255 3485 308 3524; x_wconf 91' lang='lat' dir='ltr'><strong><em>non</em></strong></span> <span class='ocrx_word' id='word_1_137' title='bbox 321 3471 407 3525; x_wconf 86' lang='lat' dir='ltr'><strong><em>solum</em></strong></span> <span class='ocrx_word' id='word_1_138' title='bbox 421 3473 524 3537; x_wconf 89' lang='lat' dir='ltr'><strong><em>animo,</em></strong></span> <span class='ocrx_word' id='word_1_139' title='bbox 541 3472 679 3526; x_wconf 88' lang='lat' dir='ltr'><strong><em>sedetiam</em></strong></span> <span class='ocrx_word' id='word_1_140' title='bbox 698 3473 754 3542; x_wconf 89' lang='lat' dir='ltr'><strong><em>ipso</em></strong></span> <span class='ocrx_word' id='word_1_141' title='bbox 772 3475 833 3525; x_wconf 90' lang='lat' dir='ltr'><strong><em>ortu</em></strong></span> <span class='ocrx_word' id='word_1_142' title='bbox 850 3485 883 3524; x_wconf 84' lang='lat' dir='ltr'><strong><em>oe</em></strong></span> <span class='ocrx_word' id='word_1_143' title='bbox 901 3476 1002 3525; x_wconf 89' lang='lat' dir='ltr'><strong><em>nutura</em></strong></span> <span class='ocrx_word' id='word_1_144' title='bbox 1015 3467 1065 3524; x_wconf 88' lang='lat' dir='ltr'><strong><em>sub</em></strong></span> <span class='ocrx_word' id='word_1_145' title='bbox 1079 3475 1126 3524; x_wconf 93' lang='lat' dir='ltr'><strong><em>tua</em></strong></span> <span class='ocrx_word' id='word_1_146' title='bbox 1138 3469 1315 3524; x_wconf 83' lang='lat' dir='ltr'><strong><em>dominatione</em></strong></span> 
     </span>
     <span class='ocr_line' id='line_1_15' title="bbox 119 3561 1314 3635; baseline -0.003 -16"><span class='ocrx_word' id='word_1_147' title='bbox 119 3581 192 3632; x_wconf 86' lang='lat' dir='ltr'><strong><em>sum,</em></strong></span> <span class='ocrx_word' id='word_1_148' title='bbox 208 3571 260 3618; x_wconf 88' lang='lat' dir='ltr'><strong><em>tua</em></strong></span> <span class='ocrx_word' id='word_1_149' title='bbox 272 3563 364 3634; x_wconf 81' lang='lat' dir='ltr'><strong><em>pluria</em></strong></span> <span class='ocrx_word' id='word_1_150' title='bbox 378 3566 582 3635; x_wconf 81' lang='lat' dir='ltr'><strong><em>cupidissimus,</em></strong></span> <span class='ocrx_word' id='word_1_151' title='bbox 593 3572 617 3619; x_wconf 92' lang='lat' dir='ltr'><strong><em>et</em></strong></span> <span class='ocrx_word' id='word_1_152' title='bbox 631 3564 887 3634; x_wconf 80' lang='lat' dir='ltr'><strong><em>quampratissimue</em></strong></span> <span class='ocrx_word' id='word_1_153' title='bbox 900 3578 963 3635; x_wconf 81' lang='lat' dir='ltr'><strong><em>erpa</em></strong></span> <span class='ocrx_word' id='word_1_154' title='bbox 972 3570 996 3617; x_wconf 93' lang='lat' dir='ltr'><strong><em>te</em></strong></span> <span class='ocrx_word' id='word_1_155' title='bbox 1008 3577 1063 3616; x_wconf 90' lang='lat' dir='ltr'><strong><em>esse</em></strong></span> <span class='ocrx_word' id='word_1_156' title='bbox 1076 3563 1233 3631; x_wconf 82' lang='lat' dir='ltr'><strong><em>capnosear?</em></strong></span> <span class='ocrx_word' id='word_1_157' title='bbox 1247 3561 1314 3627; x_wconf 87' lang='lat' dir='ltr'><strong><em>Qua</em></strong></span> 
     </span>
     <span class='ocr_line' id='line_1_16' title="bbox 119 3650 1313 3728; baseline -0.004 -16"><span class='ocrx_word' id='word_1_158' title='bbox 119 3675 178 3712; x_wconf 85' lang='lat' dir='ltr'><strong><em>eum</em></strong></span> <span class='ocrx_word' id='word_1_159' title='bbox 192 3659 232 3712; x_wconf 90' lang='lat' dir='ltr'><strong><em>ita</em></strong></span> <span class='ocrx_word' id='word_1_160' title='bbox 242 3658 308 3725; x_wconf 91' lang='lat' dir='ltr'><strong><em>sint,</em></strong></span> <span class='ocrx_word' id='word_1_161' title='bbox 323 3673 393 3722; x_wconf 87' lang='lat' dir='ltr'><strong><em>eum,</em></strong></span> <span class='ocrx_word' id='word_1_162' title='bbox 406 3666 431 3712; x_wconf 92' lang='lat' dir='ltr'><strong><em>te</em></strong></span> <span class='ocrx_word' id='word_1_163' title='bbox 443 3661 568 3728; x_wconf 84' lang='lat' dir='ltr'><strong><em>auspice,</em></strong></span> <span class='ocrx_word' id='word_1_164' title='bbox 588 3655 719 3715; x_wconf 81' lang='lat' dir='ltr'><strong><em>GOSME</em></strong></span> <span class='ocrx_word' id='word_1_165' title='bbox 742 3655 926 3719; x_wconf 86' lang='lat' dir='ltr'><strong><em>Serenissime,</em></strong></span> <span class='ocrx_word' id='word_1_166' title='bbox 939 3655 988 3710; x_wconf 86' lang='lat' dir='ltr'><strong><em>bas</em></strong></span> <span class='ocrx_word' id='word_1_167' title='bbox 1012 3653 1107 3711; x_wconf 86' lang='lat' dir='ltr'><strong><em>Stellae</em></strong></span> <span class='ocrx_word' id='word_1_168' title='bbox 1129 3650 1313 3723; x_wconf 89' lang='lat' dir='ltr'><strong><em>superioribus</em></strong></span> 
     </span>
     <span class='ocr_line' id='line_1_17' title="bbox 120 3744 1315 3822; baseline -0.008 -15"><span class='ocrx_word' id='word_1_169' title='bbox 120 3753 280 3809; x_wconf 83' lang='lat' dir='ltr'><strong><em>astronomis</em></strong></span> <span class='ocrx_word' id='word_1_170' title='bbox 295 3751 416 3806; x_wconf 88' lang='lat' dir='ltr'><strong><em>omnibus</em></strong></span> <span class='ocrx_word' id='word_1_171' title='bbox 430 3754 577 3822; x_wconf 79' lang='lat' dir='ltr'><strong><em>ineopnitas</em></strong></span> <span class='ocrx_word' id='word_1_172' title='bbox 591 3751 797 3821; x_wconf 74' lang='lat' dir='ltr'><strong><em>exploraverim,</em></strong></span> <span class='ocrx_word' id='word_1_173' title='bbox 811 3748 977 3819; x_wconf 78' lang='lat' dir='ltr'><strong><em>optimojure</em></strong></span> <span class='ocrx_word' id='word_1_174' title='bbox 986 3762 1030 3803; x_wconf 90' lang='lat' dir='ltr'><strong><em>eos</em></strong></span> <span class='ocrx_word' id='word_1_175' title='bbox 1043 3746 1235 3818; x_wconf 79' lang='lat' dir='ltr'><strong><em>Aupustissimo</em></strong></span> <span class='ocrx_word' id='word_1_176' title='bbox 1247 3744 1315 3798; x_wconf 86' lang='lat' dir='ltr'><strong><em>Pro·</em></strong></span> 
     </span>
     <span class='ocr_line' id='line_1_18' title="bbox 117 3840 1314 3915; baseline -0.005 -19"><span class='ocrx_word' id='word_1_177' title='bbox 117 3848 200 3915; x_wconf 86' lang='lat' dir='ltr'><strong><em>eopia</em></strong></span> <span class='ocrx_word' id='word_1_178' title='bbox 217 3852 270 3899; x_wconf 86' lang='lat' dir='ltr'><strong><em>tua</em></strong></span> <span class='ocrx_word' id='word_1_179' title='bbox 283 3842 395 3899; x_wconf 89' lang='lat' dir='ltr'><strong><em>Nomine</em></strong></span> <span class='ocrx_word' id='word_1_180' title='bbox 408 3845 539 3915; x_wconf 79' lang='lat' dir='ltr'><strong><em>ineipnire</em></strong></span> <span class='ocrx_word' id='word_1_181' title='bbox 552 3844 664 3898; x_wconf 56' lang='lat' dir='ltr'><strong><em>maeri.</em></strong></span> <span class='ocrx_word' id='word_1_182' title='bbox 692 3841 769 3910; x_wconf 88' lang='lat' dir='ltr'><strong><em>Quod</em></strong></span> <span class='ocrx_word' id='word_1_183' title='bbox 791 3845 816 3897; x_wconf 92' lang='lat' dir='ltr'><strong><em>si</em></strong></span> <span class='ocrx_word' id='word_1_184' title='bbox 839 3841 902 3897; x_wconf 88' lang='lat' dir='ltr'><strong><em>illas</em></strong></span> <span class='ocrx_word' id='word_1_185' title='bbox 914 3843 1018 3912; x_wconf 90' lang='lat' dir='ltr'><strong><em>primus</em></strong></span> <span class='ocrx_word' id='word_1_186' title='bbox 1032 3840 1172 3911; x_wconf 79' lang='lat' dir='ltr'><strong><em>indapovi,</em></strong></span> <span class='ocrx_word' id='word_1_187' title='bbox 1193 3840 1254 3908; x_wconf 80' lang='lat' dir='ltr'><strong><em>quis</em></strong></span> <span class='ocrx_word' id='word_1_188' title='bbox 1273 3853 1314 3890; x_wconf 85' lang='lat' dir='ltr'><strong><em>me</em></strong></span> 
     </span>
     <span class='ocr_line' id='line_1_19' title="bbox 112 3928 1313 4008; baseline -0.009 -15"><span class='ocrx_word' id='word_1_189' title='bbox 112 3938 178 4007; x_wconf 82' lang='lat' dir='ltr'><strong><em>jure</em></strong></span> <span class='ocrx_word' id='word_1_190' title='bbox 191 3937 378 4008; x_wconf 76' lang='lat' dir='ltr'><strong><em>reprehendat,</em></strong></span> <span class='ocrx_word' id='word_1_191' title='bbox 393 3938 418 3990; x_wconf 92' lang='lat' dir='ltr'><strong><em>si</em></strong></span> <span class='ocrx_word' id='word_1_192' title='bbox 433 3938 527 3993; x_wconf 87' lang='lat' dir='ltr'><strong><em>iisdem</em></strong></span> <span class='ocrx_word' id='word_1_193' title='bbox 540 3952 643 4007; x_wconf 82' lang='lat' dir='ltr'><strong><em>quoque</em></strong></span> <span class='ocrx_word' id='word_1_194' title='bbox 656 3952 751 3992; x_wconf 87' lang='lat' dir='ltr'><strong><em>nomen</em></strong></span> <span class='ocrx_word' id='word_1_195' title='bbox 763 3937 925 4005; x_wconf 86' lang='lat' dir='ltr'><strong><em>imposuero,</em></strong></span> <span class='ocrx_word' id='word_1_196' title='bbox 939 3949 972 3988; x_wconf 87' lang='lat' dir='ltr'><strong><em>oe</em></strong></span> <span class='ocrx_word' id='word_1_197' title='bbox 985 3931 1106 3989; x_wconf 84' lang='lat' dir='ltr'><strong><em>Medirea</em></strong></span> <span class='ocrx_word' id='word_1_198' title='bbox 1116 3930 1212 3987; x_wconf 87' lang='lat' dir='ltr'><strong><em>Sidera</em></strong></span> <span class='ocrx_word' id='word_1_199' title='bbox 1221 3928 1313 3999; x_wconf 88' lang='lat' dir='ltr'><strong><em>appel·</em></strong></span> 
     </span>
     <span class='ocr_line' id='line_1_20' title="bbox 118 4023 1312 4101; baseline -0.009 -16"><span class='ocrx_word' id='word_1_200' title='bbox 118 4033 225 4087; x_wconf 84' lang='lat' dir='ltr'><strong><em>lavero?</em></strong></span> <span class='ocrx_word' id='word_1_201' title='bbox 235 4029 353 4101; x_wconf 80' lang='lat' dir='ltr'><strong><em>Sperasse</em></strong></span> <span class='ocrx_word' id='word_1_202' title='bbox 362 4031 435 4098; x_wconf 73' lang='lat' dir='ltr'><strong><em>sore,</em></strong></span> <span class='ocrx_word' id='word_1_203' title='bbox 446 4037 476 4085; x_wconf 94' lang='lat' dir='ltr'><strong><em>ut</em></strong></span> <span class='ocrx_word' id='word_1_204' title='bbox 486 4037 590 4085; x_wconf 90' lang='lat' dir='ltr'><strong><em>tantum</em></strong></span> <span class='ocrx_word' id='word_1_205' title='bbox 603 4030 739 4101; x_wconf 79' lang='lat' dir='ltr'><strong><em>dipnitatie</em></strong></span> <span class='ocrx_word' id='word_1_206' title='bbox 749 4044 783 4082; x_wconf 81' lang='lat' dir='ltr'><strong><em>ea</em></strong></span> <span class='ocrx_word' id='word_1_207' title='bbox 793 4029 841 4082; x_wconf 85' lang='lat' dir='ltr'><strong><em>bae</em></strong></span> <span class='ocrx_word' id='word_1_208' title='bbox 853 4026 1029 4098; x_wconf 78' lang='lat' dir='ltr'><strong><em>appellatione</em></strong></span> <span class='ocrx_word' id='word_1_209' title='bbox 1039 4027 1074 4081; x_wconf 90' lang='lat' dir='ltr'><strong><em>its</em></strong></span> <span class='ocrx_word' id='word_1_210' title='bbox 1084 4023 1223 4080; x_wconf 88' lang='lat' dir='ltr'><strong><em>Sideribus</em></strong></span> <span class='ocrx_word' id='word_1_211' title='bbox 1237 4037 1312 4076; x_wconf 85' lang='lat' dir='ltr'><strong><em>aroe-</em></strong></span> 
     </span>
     <span class='ocr_line' id='line_1_21' title="bbox 116 4113 1311 4194; baseline -0.014 -14"><span class='ocrx_word' id='word_1_212' title='bbox 116 4127 174 4193; x_wconf 91' lang='lat' dir='ltr'><strong><em>dut,</em></strong></span> <span class='ocrx_word' id='word_1_213' title='bbox 188 4130 319 4194; x_wconf 75' lang='lat' dir='ltr'><strong><em>quantum</em></strong></span> <span class='ocrx_word' id='word_1_214' title='bbox 332 4122 389 4178; x_wconf 88' lang='lat' dir='ltr'><strong><em>alia</em></strong></span> <span class='ocrx_word' id='word_1_215' title='bbox 403 4124 496 4178; x_wconf 91' lang='lat' dir='ltr'><strong><em>eeterie</em></strong></span> <span class='ocrx_word' id='word_1_216' title='bbox 511 4122 634 4178; x_wconf 87' lang='lat' dir='ltr'><strong><em>beroibue</em></strong></span> <span class='ocrx_word' id='word_1_217' title='bbox 646 4122 803 4178; x_wconf 89' lang='lat' dir='ltr'><strong><em>attulerunt.</em></strong></span> <span class='ocrx_word' id='word_1_218' title='bbox 819 4120 899 4189; x_wconf 88' lang='lat' dir='ltr'><strong><em>Nam,</em></strong></span> <span class='ocrx_word' id='word_1_219' title='bbox 915 4127 945 4175; x_wconf 91' lang='lat' dir='ltr'><strong><em>ut</em></strong></span> <span class='ocrx_word' id='word_1_220' title='bbox 960 4126 1061 4174; x_wconf 81' lang='lat' dir='ltr'><strong><em>taceam</em></strong></span> <span class='ocrx_word' id='word_1_221' title='bbox 1074 4117 1107 4172; x_wconf 87' lang='lat' dir='ltr'><strong><em>de</em></strong></span> <span class='ocrx_word' id='word_1_222' title='bbox 1128 4113 1311 4174; x_wconf 81' lang='lat' dir='ltr'><strong><em>serenissimis</em></strong></span> 
     </span>
     <span class='ocr_line' id='line_1_22' title="bbox 118 4213 1311 4288; baseline -0.013 -17"><span class='ocrx_word' id='word_1_223' title='bbox 118 4221 171 4274; x_wconf 88' lang='lat' dir='ltr'><strong><em>tuis</em></strong></span> <span class='ocrx_word' id='word_1_224' title='bbox 185 4216 349 4287; x_wconf 74' lang='lat' dir='ltr'><strong><em>Maioribus,</em></strong></span> <span class='ocrx_word' id='word_1_225' title='bbox 364 4231 478 4287; x_wconf 80' lang='lat' dir='ltr'><strong><em>quorum</em></strong></span> <span class='ocrx_word' id='word_1_226' title='bbox 491 4217 604 4288; x_wconf 81' lang='lat' dir='ltr'><strong><em>pluriam</em></strong></span> <span class='ocrx_word' id='word_1_227' title='bbox 618 4217 805 4287; x_wconf 87' lang='lat' dir='ltr'><strong><em>sempiternam</em></strong></span> <span class='ocrx_word' id='word_1_228' title='bbox 819 4217 938 4270; x_wconf 88' lang='lat' dir='ltr'><strong><em>omnium</em></strong></span> <span class='ocrx_word' id='word_1_229' title='bbox 952 4214 1128 4268; x_wconf 74' lang='lat' dir='ltr'><strong><em>ilistoriarum</em></strong></span> <span class='ocrx_word' id='word_1_230' title='bbox 1140 4213 1311 4264; x_wconf 86' lang='lat' dir='ltr'><strong><em>monumento</em></strong></span> 
     </span>
     <span class='ocr_line' id='line_1_23' title="bbox 119 4293 1311 4379; baseline -0.008 -17"><span class='ocrx_word' id='word_1_231' title='bbox 119 4317 261 4378; x_wconf 88' lang='lat' dir='ltr'><strong><em>testantur,</em></strong></span> <span class='ocrx_word' id='word_1_232' title='bbox 275 4310 333 4366; x_wconf 92' lang='lat' dir='ltr'><strong><em>sola</em></strong></span> <span class='ocrx_word' id='word_1_233' title='bbox 346 4316 396 4365; x_wconf 89' lang='lat' dir='ltr'><strong><em>tuo</em></strong></span> <span class='ocrx_word' id='word_1_234' title='bbox 409 4311 512 4376; x_wconf 78' lang='lat' dir='ltr'><strong><em>uirtus,</em></strong></span> <span class='ocrx_word' id='word_1_235' title='bbox 531 4308 652 4367; x_wconf 72' lang='lat' dir='ltr'><strong><em>Maxime</em></strong></span> <span class='ocrx_word' id='word_1_236' title='bbox 666 4307 768 4379; x_wconf 81' lang='lat' dir='ltr'><strong><em>Heras,</em></strong></span> <span class='ocrx_word' id='word_1_237' title='bbox 784 4308 841 4364; x_wconf 91' lang='lat' dir='ltr'><strong><em>illis</em></strong></span> <span class='ocrx_word' id='word_1_238' title='bbox 860 4307 949 4363; x_wconf 73' lang='lat' dir='ltr'><strong><em>,tetris</em></strong></span> <span class='ocrx_word' id='word_1_239' title='bbox 964 4306 1100 4377; x_wconf 82' lang='lat' dir='ltr'><strong><em>impertiri</em></strong></span> <span class='ocrx_word' id='word_1_240' title='bbox 1120 4307 1204 4375; x_wconf 93' lang='lat' dir='ltr'><strong><em>potest</em></strong></span> <span class='ocrx_word' id='word_1_241' title='bbox 1226 4293 1311 4349; x_wconf 68' lang='lat' dir='ltr'><strong><em>omni·</em></strong></span> 
     </span>
     <span class='ocr_line' id='line_1_24' title="bbox 117 4389 1311 4473; baseline -0.008 -17"><span class='ocrx_word' id='word_1_242' title='bbox 117 4404 160 4457; x_wconf 90' lang='lat' dir='ltr'><strong><em>nie</em></strong></span> <span class='ocrx_word' id='word_1_243' title='bbox 173 4403 406 4460; x_wconf 82' lang='lat' dir='ltr'><strong><em>immortalitatem.</em></strong></span> <span class='ocrx_word' id='word_1_244' title='bbox 423 4401 476 4460; x_wconf 77' lang='lat' dir='ltr'><strong><em>Cui</em></strong></span> <span class='ocrx_word' id='word_1_245' title='bbox 487 4405 557 4458; x_wconf 88' lang='lat' dir='ltr'><strong><em>enim</em></strong></span> <span class='ocrx_word' id='word_1_246' title='bbox 570 4401 680 4457; x_wconf 90' lang='lat' dir='ltr'><strong><em>dubium</em></strong></span> <span class='ocrx_word' id='word_1_247' title='bbox 695 4417 749 4458; x_wconf 90' lang='lat' dir='ltr'><strong><em>esse</em></strong></span> <span class='ocrx_word' id='word_1_248' title='bbox 757 4407 853 4473; x_wconf 85' lang='lat' dir='ltr'><strong><em>potest,</em></strong></span> <span class='ocrx_word' id='word_1_249' title='bbox 864 4401 940 4472; x_wconf 78' lang='lat' dir='ltr'><strong><em>auin,</em></strong></span> <span class='ocrx_word' id='word_1_250' title='bbox 956 4414 1037 4471; x_wconf 82' lang='lat' dir='ltr'><strong><em>quam</em></strong></span> <span class='ocrx_word' id='word_1_251' title='bbox 1052 4389 1311 4464; x_wconf 68' lang='lat' dir='ltr'><strong><em>interpretativum</em></strong></span> 
     </span>
     <span class='ocr_line' id='line_1_25' title="bbox 207 4485 1150 4554; baseline -0.004 -4"><span class='ocrx_word' id='word_1_252' title='bbox 207 4494 328 4552; x_wconf 78' lang='lat' dir='ltr'><strong><em>Gssrtno</em></strong></span> <span class='ocrx_word' id='word_1_253' title='bbox 347 4495 463 4554; x_wconf 67' lang='lat' dir='ltr'><strong><em>Gnatum</em></strong></span> <span class='ocrx_word' id='word_1_254' title='bbox 475 4526 506 4534; x_wconf 98' lang='lat'><em>-</em></span> <span class='ocrx_word' id='word_1_255' title='bbox 516 4495 588 4551; x_wconf 80' lang='lat' dir='ltr'><strong><em>Tou.</em></strong></span> <span class='ocrx_word' id='word_1_256' title='bbox 606 4493 655 4549; x_wconf 86' lang='grc' dir='ltr'><strong>ΙΙΙ.</strong></span> <span class='ocrx_word' id='word_1_257' title='bbox 1120 4485 1150 4537; x_wconf 76' lang='lat' dir='ltr'><strong><em>b*</em></strong></span> 
     </span>
    </p>
   </div>
   <div class='ocr_carea' id='block_1_4' title="bbox 0 0 1552 5154">
    <p class='ocr_par' dir='ltr' id='par_1_4' title="bbox 0 0 1552 5154">
     <span class='ocr_line' id='line_1_26' title="bbox 0 0 1552 5154; baseline 0 3"><span class='ocrx_word' id='word_1_258' title='bbox 0 0 1552 5154; x_wconf 95' lang='lat' dir='ltr'><strong><em> </em></strong></span> 
     </span>
    </p>
   </div>
  </div>
 </body>
</html>
