3304 5282
355 434 421 500 282
738 441 839 488 sottus
861 441 967 488 cusis
988 442 1028 488 cs
1051 441 1150 488 asmo

357 605 425 652 cuns
443 580 563 644 nntium
581 583 730 641 rectorem
753 577 800 640 cet
829 585 978 640 umorem
997 577 1183 646 constituat,
1201 575 1254 638 sed
1276 577 1382 642 minin
1403 593 1486 641 casu
1512 587 1538 640 et

354 693 480 777 smtetito
497 689 585 768 pipeti
603 694 632 749 et
652 688 835 752 conseruari
852 695 974 768 putent.
992 683 1036 749 At
1054 703 1103 750 eos
1117 685 1190 750 otiis
1204 701 1318 748 rursus
1335 689 1540 768 assumentis

353 793 597 866 aminonens
612 798 750 876 primm
765 798 873 860 omitto
884 795 961 860 tttud
971 803 1209 876 erudimentum,
1219 813 1283 875 puo
1293 795 1397 859 utitur
1408 795 1541 862 Aristo·

351 909 420 972 tetes
432 909 538 989 primo
553 907 589 970 dc
603 905 685 969 Coeio
695 914 724 968 et
735 904 871 978 Mundo,
883 923 990 987 nempe
1007 923 1048 970 erc
1058 913 1146 969 motu
1157 903 1378 968 eisnuntorum
1391 905 1407 988 (
1409 905 1540 978 sciisset,

351 1022 377 1082 si
406 1017 509 1098 piures
537 1026 613 1080 sunt
631 1015 761 1088 Mundi,
778 1025 836 1080 out
854 1024 929 1080 sunt
947 1015 1085 1095 ejtcsdens
1103 1017 1253 1089 ustionis,
1272 1023 1330 1078 aut
1348 1015 1496 1090 dinem,-
1513 1019 1540 1080 si

351 1133 491 1202 diuersa,
513 1138 589 1193 tunc
607 1130 762 1210 mpuiooce
780 1127 931 1192 dicuntur
949 1126 1082 1202 Mundi·
1099 1145 1198 1209 quore
1216 1143 1282 1192 ηοη
1295 1129 1377 1209 [acii
1394 1127 1436 1193 ad
1447 1147 1541 1209 puu-

350 1244 491 1314 stionem,
510 1241 593 1321 quod
609 1249 685 1303 sunt
699 1238 818 1319 piures,
837 1255 913 1302 nam
930 1240 976 1302 ito
992 1238 1099 1320 piures
1117 1237 1230 1302 mundi
1247 1239 1414 1318 optiones,
1432 1245 1468 1301 ut
1482 1237 1539 1301 de-

350 1354 438 1432 picti,
457 1358 586 1431 possunt
604 1349 691 1412 dori:
709 1358 766 1412 out
784 1357 861 1411 sunt
879 1348 1018 1427 eiusdem
1035 1348 1184 1421 rationis,
1200 1357 1230 1410 et
1243 1355 1320 1412 tunc
1331 1348 1538 1428 eiusdemm-

352 1464 444 1526 tiom's
463 1469 559 1524 erunt
578 1467 677 1523 totum
695 1467 723 1521 et
738 1467 862 1540 purten·
880 1475 980 1539 quare
1001 1457 1103 1522 Terra
1125 1461 1223 1521 unius
1253 1457 1371 1522 Mundi
1399 1459 1538 1538 ejusdcm

352 1573 484 1636 rationis
503 1571 564 1634 erit
584 1587 655 1632 cum
677 1567 778 1632 Terra
795 1567 927 1632 alterius
947 1566 1079 1632 Mundi.-
1096 1571 1124 1631 si
1142 1569 1242 1649 initur
1259 1585 1368 1632 uerum
1386 1577 1446 1644 est,
1460 1569 1539 1650 ptu-

351 1702 400 1748 rcs
431 1699 493 1746 esse
524 1677 677 1753 Mundus,
705 1687 869 1759 sequetur,
899 1678 995 1759 quud,
1020 1680 1048 1741 si
1071 1677 1170 1742 Terra
1187 1681 1286 1741 unius
1305 1677 1419 1744 Mundi
1436 1689 1484 1743 cst
1503 1683 1538 1742 in

351 1801 472 1864 contro,
495 1788 597 1854 Terra
615 1788 745 1853 citerius
765 1786 881 1853 Mundi
899 1789 958 1852 erit
977 1795 1070 1852 entra
1088 1797 1248 1853 centrum:
1265 1797 1325 1852 out
1344 1791 1445 1870 ipitsu
1467 1799 1539 1853 ten·

352 1905 399 1968 det
417 1903 459 1966 ad
480 1899 612 1964 Terram
631 1902 727 1964 unius
747 1897 863 1963 Mundi
882 1907 1045 1980 mmquom
1062 1899 1104 1962 ad
1122 1898 1223 1962 Meum
1237 1901 1351 1972 centri.
1367 1917 1405 1964 ao
1414 1903 1538 1981 pariter

352 2009 840 2089 ceteruelemsntaodpropsium
860 2008 972 2080 Meum,
992 2018 1021 2072 et
1040 2017 1115 2072 tunc
1134 2027 1221 2073 unus
1238 2015 1289 2094 fiet
1306 2008 1462 2084 ummo,-
1479 2021 1538 2076 aut

353 2135 416 2182 non
436 2117 575 2188 tondent,
596 2125 624 2180 et
643 2127 719 2180 tunc
738 2118 888 2184 uiolenter
905 2121 940 2180 in
955 2117 1537 2202 eotomnomonnnqootessctsur-

353 2229 443 2301 dum,
462 2225 586 2290 nudum
604 2228 689 2290 enim
707 2226 879 2292 violentum
895 2227 1072 2312 dorcinet:
1089 2229 1197 2292 omitto
1217 2227 1386 2314 (inquam)
1406 2231 1461 2294 itas
1481 2248 1539 2293 ars

352 2345 549 2418 puntentum,
569 2337 653 2418 quod
670 2336 777 2419 otipno
794 2338 884 2402 modo
902 2336 1064 2401 titubatin
1075 2340 1295 2421 suppositione,
1315 2341 1400 2421 puori
1416 2357 1535 2404 necesse

353 2449 393 2512 sit
411 2465 551 2514 :ornne
571 2449 756 2512 sternentum
775 2447 898 2511 tendere
910 2447 1122 2530 adproprium
1134 2459 1162 2512 et
1174 2449 1420 2515 determinatum
1431 2451 1536 2521 iocum

350 2577 455 2641 nempe
484 2575 579 2639 praue
602 2558 644 2620 od
666 2557 817 2646 medium,
838 2559 900 2623 tene
918 2569 1024 2624 autem
1042 2559 1084 2624 cd
1101 2563 1275 2642 oppositum
1294 2562 1485 2633 terminum
1499 2579 1535 2612 ==

353 2685 449 2750 prtum
459 2667 589 2748 puidam
600 2669 843 2748 suppositionem
854 2669 1020 2732 concedent
1037 2669 1213 2735 aduersarii
1229 2673 1266 2734 in
1281 2673 1439 2752 proposito
1456 2689 1538 2736 uno·

353 2795 475 2858 quoque
495 2775 630 2847 Mundo,
647 2795 711 2840 non
726 2784 833 2840 antem
851 2788 1010 2857 cocuntur
1029 2781 1192 2846 concedere
1211 2783 1245 2843 in
1262 2781 1420 2862 plurinum
1436 2798 1538 2861 auare

354 2905 418 2952 non
435 2894 592 2967 copuntur
609 2886 772 2950 concedere
794 2885 926 2952 Terram
949 2892 1047 2956 unius
1078 2891 1192 2956 Mundi
1218 2891 1323 2956 dobere
1346 2888 1471 2954 tendere
1497 2890 1540 2952 od

357 2997 488 3062 Terram
499 2995 629 3060 atterius
641 2993 769 3069 Mundi,
781 2999 915 3062 etiamsi
933 3002 996 3067 sint
1011 3003 1148 3082 eiusdem
1165 3003 1318 3074 sotionis,-
1334 3017 1408 3064 nom
1425 2999 1538 3081 sufficit

353 3109 500 3190 anoiopia
518 3107 560 3172 ad
576 3107 788 3188 operationem
804 3109 915 3190 {orma
933 3113 1071 3190 ejusdem
1090 3113 1216 3192 speciei:
1234 3129 1356 3193 nempe,
1371 3109 1472 3194 qnod,
1486 3129 1537 3174 os-

354 3221 413 3286 tnti
435 3219 534 3286 Terra
552 3219 649 3282 unius
669 3216 794 3290 Mundi,
810 3229 903 3285 extra
918 3230 1062 3286 centrum
1076 3224 1127 3284 sui
1143 3220 1259 3286 Mundi
1273 3223 1456 3296 constituta,
1472 3229 1536 3286 ten-

354 3330 397 3392 dit
415 3329 457 3392 ad
474 3336 617 3391 centrum
633 3329 685 3392 sui
696 3327 826 3403 nonen
836 3332 881 3394 ita
898 3329 997 3396 Terra
1007 3331 1139 3396 attentes
1152 3331 1276 3405 Mundi,
1288 3341 1384 3398 entra
1396 3341 1535 3398 centron

354 3439 405 3502 sui
435 3435 551 3500 Mundi
577 3441 707 3532 posito,
722 3441 817 3504 tendit
848 3441 889 3506 ad
918 3451 1061 3506 centrum
1078 3445 1131 3506 sni
1150 3443 1278 3515 Mundi.
1299 3461 1366 3507 non
1384 3441 1535 3509 ontentod

355 3555 499 3610 centrum
516 3545 646 3612 alterius
665 3548 794 3621 Mundi,
814 3569 886 3614 crem
905 3553 1124 3633 uniusquisque
1146 3553 1290 3623 Mundus
1313 3571 1453 3618 seorsum
1481 3570 1538 3614 sn·

354 3666 475 3731 motus,
505 3668 533 3722 et
564 3660 816 3739 uniuscujusque
847 3661 962 3726 Mundi
987 3665 1154 3744 proprium
1169 3673 1318 3728 saccatur
1336 3673 1489 3736 centrum,
1508 3671 1537 3724 et

351 3770 481 3852 propria
499 3772 764 3852 circumferentia.
788 3769 903 3836 Omitto
922 3775 1016 3838 etium
1035 3775 1124 3836 atiud
1141 3783 1384 3854 orpumcntum,
1399 3793 1461 3856 pua
1476 3775 1542 3837 uti-

356 3890 409 3946 tur
428 3879 463 3946 S.
486 3879 618 3946 Thomas
637 3879 714 3944 in!
742 3880 820 3944 tideo
839 3881 874 3944 de
896 3882 989 3957 Coto,
1010 3903 1133 3964 nempe,
1151 3885 1236 3965 quod
1257 3888 1285 3950 si
1307 3885 1413 3966 piures
1439 3894 1541 3948 essent

279 3969 285 3976 ⁸
355 3993 484 4065 Mundi,
503 4003 559 4056 met
580 4001 679 4056 essent
696 3991 825 4056 diversa
845 3995 978 4056 rationis
999 4013 1070 4056 cnm
1090 3995 1145 4058 troc
1165 3994 1300 4070 Mundo,
1318 3993 1543 4074 corumdem:

355 4105 382 4164 si
398 4105 549 4182 ejusdem,
570 4113 645 4166 tunc
664 4113 761 4166 essent
781 4105 920 4185 frustra:
939 4107 966 4168 si
997 4105 1142 4178 atterius,
1174 4114 1249 4170 tunc
1282 4105 1392 4185 retinui
1421 4102 1543 4168 Mundi

355 4231 417 4276 non
438 4217 631 4278 continerent
652 4222 747 4276 totam
763 4218 986 4297 perfectionem
1006 4217 1103 4279 unius
1123 4215 1254 4288 Mundi,
1274 4217 1316 4280 od
1331 4213 1423 4294 tujtts
1447 4215 1543 4276 sirni-

355 4323 519 4386 titudinem
546 4325 621 4388 dicti
650 4335 750 4387 essent
773 4325 901 4390 Mundi:
921 4327 1015 4388 isitius
1035 4329 1117 4390 enim
1136 4328 1318 4408 arpumenti
1333 4324 1471 4406 priorem
1492 4340 1543 4386 so·

355 4432 614 4512 neseiomneporet
630 4431 840 4506 Desinemus,
856 4443 912 4498 aest
929 4443 1153 4501 contemneret:
1169 4439 1273 4518 primo
1291 4435 1378 4500 iiiam
1398 4443 1541 4516 necaret,

355 4545 444 4623 meio,
465 4543 558 4607 etiam
577 4545 604 4607 si
622 4545 757 4624 ejsudem
780 4547 911 4610 rationis
930 4556 1029 4610 essent
1052 4547 1106 4612 aiii
1132 4547 1248 4612 Mundi
1275 4555 1393 4629 prater
1422 4561 1538 4616 centem,
