3096 5154
425 360 568 408 serrone
593 362 724 409 sosanna
748 363 827 411 seut
850 364 987 411 nocente
1012 367 1117 416 sonent
1295 356 1359 421 ⁴25

391 640 611 694 sccunmon
627 641 831 706 ntsqutsltto
847 646 995 698 Emsntttt
1015 648 1154 700 sentus

567 838 732 922 nlnttt
767 840 978 926 ttnsnua

505 1064 634 1101 starem
661 1066 735 1104 Vllin-
768 1055 804 1104 11.
816 1069 878 1106 tttto
903 1070 1048 1108 PRAEFBCTO

705 1286 851 1311 --ηομ-

270 1606 406 1673 Yametsi
424 1627 521 1690 quam
536 1612 705 1691 proefioeisti
722 1614 797 1674 nino
815 1630 882 1676 meo
901 1614 1062 1693 neaeram,
1082 1620 1131 1681 tui
1149 1623 1286 1685 nominis
1304 1639 1366 1685 au-

177 1721 367 1792 ctoritatem,
399 1727 462 1782 tua
492 1717 698 1782 celebritatem
725 1720 835 1800 samo,
867 1724 915 1785 tui
942 1728 1067 1805 pencris
1091 1728 1281 1805 claritatem,
1302 1740 1367 1795 tam

178 1828 339 1911 spbnatao
356 1838 415 1903 est,
434 1837 471 1892 ut
491 1827 632 1891 bibulam
649 1831 790 1908 quemvis
807 1830 857 1892 oel
874 1831 916 1892 acl
932 1837 1109 1913 ementium,
1129 1849 1189 1905 aut
1207 1851 1288 1906 certe
1306 1862 1369 1924 9¹¹·

178 1944 340 2013 standum,
360 1943 514 2017 inducat:
532 1943 614 2005 tanti
638 1940 800 2023 ponderis,
831 1950 866 2004 ut
897 1949 1037 2022 quemuis
1064 1953 1329 2018 nnmeanundum
1346 1972 1369 2018 a

178 2063 356 2137 contemptu
373 2054 475 2118 laticis
493 2053 589 2133 buius
607 2058 746 2116 auertat:
764 2053 842 2132 quia
861 2059 966 2117 tamen
981 2066 1119 2123 moestum
1133 2064 1281 2128 nonnilu‘l
1294 2074 1368 2129 tur-

180 2166 288 2229 bidum
313 2173 408 2245 atque
436 2160 639 2245 feculentum
652 2160 836 2243 propinavi,
855 2170 884 2224 et
898 2171 1029 2244 partum
1046 2168 1157 2235 rudem
1178 2175 1368 2257 informem-

180 2293 241 2357 que
270 2273 382 2356 effudi,
411 2280 527 2354 oportet
555 2280 583 2334 et
613 2271 692 2335 illutl
713 2272 814 2336 colare
834 2272 986 2337 bonorum
1003 2279 1201 2345 viticolarum
1218 2300 1319 2354 more,
1339 2290 1369 2345 et

180 2386 266 2449 bunc
285 2402 436 2449 ursarum
453 2386 557 2448 instar
575 2382 723 2453 lambere,
741 2385 839 2464 inque
856 2383 1069 2449 membrorum
1091 2399 1259 2454 venustam
1278 2394 1369 2474 eslin-

179 2512 253 2578 qere
274 2497 516 2577 proportionem.
552 2495 654 2557 Venus
684 2495 768 2557 enim
797 2499 968 2558 invenusta
992 2495 1079 2575 jacet
1101 2499 1222 2574 adbuc:
1239 2520 1255 2564 e
1275 2504 1369 2585 cajus

179 2623 284 2671 masta
297 2612 406 2688 parles
423 2604 494 2669 alios
513 2607 651 2669 eminent
669 2610 822 2685 tanquam
838 2605 1001 2686 perlecta,
1020 2605 1090 2670 alio
1108 2609 1157 2671 oel
1178 2608 1291 2685 latent,
1320 2612 1370 2676 vel

177 2719 355 2799 promicant
384 2725 525 2780 tontum:
554 2734 655 2797 neque
684 2716 769 2778 enim
792 2723 857 2778 tam
874 2717 985 2797 moqni
1002 2733 1052 2779 res
1071 2717 1156 2781 inter
1173 2725 1369 2786 astronomos

178 2829 327 2892 nomenti
354 2842 423 2890 una
447 2828 522 2908 pari
541 2828 645 2908 potuit
663 2827 756 2899 bora,
776 2842 842 2907 qua
860 2828 1021 2908 epistolam
1039 2827 1081 2892 od
1098 2836 1126 2891 te
1144 2828 1233 2894 morlo
1252 2830 1370 2896 editam

179 2939 331 3004 eoamoi:
348 2938 433 3003 unde
450 2937 493 3000 ael
510 2956 581 3018 qua
600 2936 713 3000 ibidem
729 2955 778 2999 me
796 2936 907 3016 rq'eci,
924 2954 963 3000 ea
979 2938 1069 3002 morlo
1087 2956 1214 3020 promo,
1244 2949 1275 3004 et
1302 2958 1369 3005 rem

179 3056 278 3113 totam
298 3049 336 3111 tle
357 3049 577 3130 conjonctione
607 3047 733 3111 Veneris
751 3066 823 3110 cum
842 3046 914 3110 Sole
928 3050 1072 3131 perficio:
1087 3050 1183 3131 idque
1202 3052 1368 3116 nonnmie
1392 3067 1394 3072 ’

178 3158 395 3240 fundamentis
421 3159 595 3222 astronomi
623 3158 789 3221 clarissimi
818 3157 953 3221 Antonii
975 3157 1114 3240 Moqin'i‚
1138 3160 1310 3245 desumptis
1327 3180 1367 3228 ee

180 3269 280 3350 ipsius
297 3268 541 3350 epbunericlibus
565 3277 595 3331 et
611 3266 776 3332 ambiliano
795 3267 955 3341 secundis,
976 3277 1143 3351 postquam
1153 3266 1292 3353 paucum
1302 3272 1366 3336 bac

179 3394 368 3460 promuern

689 3599 855 3665 LEMMA.

265 3824 315 3900 Si,
329 3826 492 3908 productis
508 3823 661 3906 trianquli
676 3824 894 3904 cujuscunque
913 3822 1090 3904 rectanquli
1107 3840 1366 3906 quoquoversum

176 3934 341 4009 lateribus,
370 3943 488 4017 aqatur
515 3951 573 4014 per
591 3950 786 3998 communem
803 3933 931 3996 illorum
949 3933 1117 3996 sectionem
1132 3950 1366 4017 quamcumque

172 4046 443 4129 perpendicularis
470 4045 512 4108 acl
541 4045 747 4126 quodcunque
767 4043 921 4123 trianquli
938 4042 1023 4107 illius
1041 4044 1141 4117 lotus,
1160 4044 1260 4125 {oeiet
1276 4060 1313 4108 ea
1329 4046 1365 4107 in

176 4159 310 4222 sectione
340 4158 499 4221 communi
522 4173 631 4220 versus
655 4153 798 4226 eanum,
830 4172 886 4216 seu
913 4154 1145 4236 suimetipsius,
1174 4168 1231 4217 eeu
1259 4153 1365 4219 lateris

176 4268 396 4350 cujuscunque
414 4267 489 4330 secti
504 4274 642 4347 partem,
662 4273 723 4328 tres
742 4262 873 4344 anqulos
893 4263 1027 4344 aquales
1048 4262 1150 4328 tribus
1172 4262 1240 4327 tloti
1259 4266 1365 4329 trian-

175 4378 243 4461 quli
260 4379 400 4461 anqulis,
419 4396 525 4442 omnes
544 4375 689 4438 omnibus
708 4373 816 4447 simul,
835 4373 976 4454 sinqulos
993 4372 1130 4454 sinqulit
1145 4374 1285 4439 seorsim.

266 4488 317 4554 Sil
339 4491 448 4554 clatum
478 4487 675 4569 triamqulum
693 4484 781 4550 Aac
801 4483 897 4570 (Tol).
918 4483 1002 4558 vul,
1020 4482 1150 4573 eigst),
1163 4485 1364 4568 amantiusque

260 4597 384 4658 Getasa
402 4597 642 4658 Gustum-Tou.
663 4593 710 4649 ΙΙΙ.
1163 4592 1211 4647 rt·
