3322 5278
326 419 391 486 iis
582 428 724 478 semes
745 427 875 478 imenso
894 429 973 478 sess
992 428 1128 478 sescenis
1149 429 1258 478 sossse

870 567 978 633 Nares.

414 680 519 746 Satent
539 681 574 742 in
592 677 782 760 Muqnntum
797 679 942 742 eenmeia
957 678 1073 760 insessi
1087 680 1202 742 missus
1217 695 1283 743 nan
1298 677 1386 745 esiies
1401 681 1515 758 satum,

325 793 379 858 sed
399 788 578 874 spectabiles
601 791 710 860 etiam,
734 791 792 869 qui
811 795 945 870 passum
968 805 1034 852 nan
1056 793 1211 861 uentrem,
1233 789 1288 853 sesi
1308 789 1414 856 sauine
1432 791 1516 856 deie-

325 910 421 977 etent‚
437 900 615 965 exhilarent
630 907 774 964 mentem.
790 897 860 978 Epa
875 916 940 962 nan
956 897 1149 980 trapetum,
1167 901 1217 963 uti
1235 902 1332 974 nesti,
1351 897 1515 984 Superum

325 1015 404 1078 divis
426 1011 606 1078 accumbere
628 1013 745 1074 mensis
767 1008 937 1080 admissus,
960 1007 1150 1073 admiranda
1176 1009 1242 1074 eiiii
1268 1010 1369 1075 muita
1396 1015 1515 1094 apponi

323 1122 460 1207 fercuta,
478 1123 570 1186 terris
589 1121 741 1184 haetenus
759 1120 880 1191 ineisa:
899 1120 1026 1199 qustaei
1046 1117 1161 1192 muta,
1184 1119 1347 1202 nucusque
1369 1122 1514 1188 muts.

327 1235 383 1300 bus
406 1249 608 1315 nequaquam
630 1247 789 1302 rannessa,
813 1247 947 1311 eumque
966 1246 1075 1311 sapere
1097 1239 1126 1293 et
1144 1239 1273 1312 aspectu
1290 1249 1400 1296 earum
1416 1235 1513 1298 misi-

324 1349 379 1430 fiee
408 1360 552 1426 caperer,
582 1343 677 1404 etiam
706 1349 734 1403 te
757 1339 927 1403 eorundem
948 1341 1132 1420 participem
1154 1357 1218 1402 esse
1240 1339 1343 1414 patuis
1365 1349 1401 1405 tu
1424 1341 1513 1407 uiies.

326 1457 478 1522 Pessime
493 1453 605 1535 eiapsis
620 1451 742 1524 diensis,
757 1449 856 1514 soiitie
872 1449 1035 1512 deiiciatus
1050 1449 1163 1530 epuiis,
1178 1468 1245 1514 esee
1260 1449 1332 1524 titt,
1348 1452 1432 1515 ninii
1445 1456 1516 1535 api-

325 1567 432 1640 nanti,
455 1580 590 1646 maqnus
613 1561 743 1644 quitiam
764 1563 859 1641 reqioe
882 1559 968 1623 iiiius
991 1559 1119 1622 eoeiestis
1138 1559 1277 1633 antuus,
1296 1559 1442 1644 Iuppiter
1460 1565 1517 1626 in-

325 1695 433 1761 quam,
443 1677 518 1740 naui
527 1673 605 1757 quid
616 1672 704 1738 nubis
716 1671 861 1753 apposuit
875 1667 1027 1756 (1),quad
1038 1687 1092 1750 eqo
1103 1669 1307 1750 spectandum
1320 1669 1376 1734 tiiei
1389 1673 1517 1752 pariter

324 1791 430 1854 mitte:
451 1787 499 1852 ita
520 1786 616 1850 etiam
636 1787 685 1846 m'e
707 1782 832 1864 rapuit,
855 1789 892 1844 ut
917 1780 1088 1844 ordinaria
1114 1779 1370 1844 obseruationum
1396 1781 1517 1848 desem-

321 1901 424 1983 ptiani
442 1899 627 1977 interrupta
645 1895 727 1958 itane
746 1889 1000 1972 interjicieneiam
1017 1907 1081 1954 esse
1099 1891 1293 1964 censuerim:
1306 1891 1391 1972 qunti
1402 1899 1517 1956 utrum

324 2019 405 2076 reete
422 2012 463 2076 sit
480 2011 616 2090 laetum,
637 2015 691 2070 tue
702 2003 828 2085 judicio
849 2003 1004 2083 relinquo.

414 2118 456 2192 A,
473 2115 563 2181 steita
579 2115 666 2180 ineis
687 2111 784 2198 (Ταῦ.
803 2113 849 2178 ix
868 2113 937 2195 Fig.
955 2112 1011 2188 ΙΙΙ,
1040 2123 1107 2178 aeta
1124 2112 1314 2200 Aspeetus)‚·
1340 2111 1396 2176 BC
1426 2112 1514 2178 tinea

325 2227 487 2310 Eeiiptieae
503 2224 671 2308 paraiieia,
689 2224 819 2305 reliqua
838 2225 948 2288 littera
966 2223 1105 2305 retiquae
1122 2223 1225 2288 stelias
1244 2224 1287 2289 mi
1302 2224 1411 2290 Jaaem
1428 2226 1514 2290 nisus

326 2339 522 2419 insiqniunt,
540 2338 575 2400 in
594 2353 632 2400 ea
649 2353 746 2418 quam
763 2336 907 2417 reserant
925 2351 947 2398 a
964 2334 1038 2398 teve
1057 2335 1223 2409 distantia,
1239 2344 1269 2400 et
1282 2335 1326 2400 aei
1339 2353 1373 2400 se
1386 2337 1517 2419 maqni·

326 2448 445 2514 tudinis
459 2448 674 2530 proportione,
695 2447 830 2528 itemque
848 2446 891 2510 asi
906 2445 1062 2510 aeuiume
1081 2443 1182 2510 Terra
1194 2445 1262 2510 iiius
1274 2449 1517 2531 emsspieientem

325 2561 425 2643 aptiae
442 2567 621 2642 prospectu,
645 2559 723 2622 isera
741 2557 903 2632 denotata·
922 2555 952 2620 B
966 2563 1121 2638 punetum
1139 2556 1305 2632 erientaie,
1327 2557 1354 2620 G
1370 2559 1516 2623 assiden-

327 2670 402 2746 taie‚·
419 2687 518 2752 supra
535 2669 681 2748 inseripti
700 2669 827 2730 nuuseri
843 2667 1086 2748 septentrionem
1103 2675 1272 2748 aeeupants
1288 2667 1350 2732 iiiis
1373 2669 1514 2750 apposita

326 2781 460 2864 inseriae
474 2793 551 2860 pars
570 2775 729 2840 Austrum
746 2777 882 2856 respicit.

417 2887 656 2954 Observationes
673 2901 779 2948 amnes
797 2891 874 2946 sunt
890 2884 983 2966 saeta
996 2887 1102 2951 studia
1119 2905 1254 2961 sumina,
1276 2885 1357 2952 Cain
1372 2889 1515 2952 serenis-

224 3067 228 3074 ,
325 3005 404 3070 simu
422 3015 557 3082 semper,
576 3005 645 3060 tum
662 3011 734 3060 eum
751 2992 950 3058 obseruatum
967 3001 1026 3070 est,
1046 3004 1075 3059 et
1089 2995 1511 3079 etseuetsumapiesumque,

325 3115 361 3179 in
383 3111 528 3179 absentia
549 3105 690 3174 rideiieet
711 3103 828 3169 Luna:
852 3105 934 3169 tubis
956 3125 1030 3171 uere
1049 3109 1148 3172 uariis
1170 3115 1199 3171 et
1229 3107 1513 3184 eaeeitentissimis,

326 3239 463 3306 quamsm
480 3239 547 3286 nne
562 3217 720 3283 meliorem
738 3217 889 3280 naamam
907 3216 949 3280 aa
963 3217 1065 3282 steiias
1079 3218 1214 3284 Joviaiss
1229 3237 1294 3284 nen
1308 3219 1385 3284 eidi.
1402 3220 1517 3303 Inspe-

325 3342 446 3398 aerunt
463 3331 566 3396 steiias
584 3327 708 3393 easdem
725 3329 821 3392 etiam
843 3327 909 3393 aiii.
932 3327 1008 3392 Hae
1031 3347 1067 3392 ea
1088 3329 1226 3411 diepam,
1249 3331 1298 3394 uti
1319 3331 1514 3413 apparentiis

326 3441 395 3505 istis
413 3455 475 3503 sua
492 3445 608 3503 eamtet
629 3438 713 3522 fides.
734 3437 858 3503 Cireuin
874 3438 1089 3522 comprehendi
1106 3439 1248 3522 empulae
1266 3439 1509 3512 ebrsraatianet.

327 3559 364 3617 ut
391 3569 463 3634 qua
487 3548 580 3614 nette
598 3549 641 3616 ati
657 3567 756 3634 quam
777 3552 985 3632 pertinerent,
1006 3553 1076 3616 sine
1099 3551 1285 3634 contusione
1308 3559 1508 3634 spectaretur.

328 3661 389 3728 Ises
407 3663 507 3743 iqitur
525 3659 685 3734 stabilitis,

418 3771 499 3836 Cum
507 3771 642 3836 stetiuias
653 3773 688 3835 in
705 3772 788 3836 iinea
803 3769 861 3836 BC
875 3774 1044 3838 existentes
1055 3773 1199 3848 Jaeiaies,
1216 3782 1245 3838 et
1261 3791 1326 3839 nan
1340 3777 1431 3858 fiaes,
1445 3785 1508 3834 esse

327 3893 448 3952 eertum
464 3885 521 3958 sit,
540 3884 576 3947 de
592 3883 658 3950 saia
675 3885 826 3966 inseriare
844 3883 966 3948 steiiuia
985 3885 1016 3949 Ε
1034 3863 1303 3959 contravertatur,
1322 3887 1455 3952 emutire
1468 3899 1512 3945 ne

326 3997 368 4062 sit
383 3995 427 4062 ad
442 3995 565 4070 Jeaem,
584 4013 628 4060 an
645 3993 785 4059 stabilita
803 3995 838 4058 in
854 3997 1060 4078 firmamento.
1081 3997 1244 4062 Posterius
1262 3999 1318 4064 irae
1341 4015 1395 4078 eqo
1412 3999 1513 4077 puta-

328 4105 400 4172 bam
412 4107 532 4190 eliquat
550 4105 673 4180 dutus,
694 4105 732 4170 eb
749 4124 846 4188 quam
864 4109 959 4171 etiam
973 4125 1040 4173 rem
1053 4107 1282 4190 adscripseram
1296 4107 1342 4174 ilii
1356 4109 1389 4170 in
1403 4103 1515 4170 smee-

327 4215 523 4292 sationibus:
536 4225 570 4282 at
584 4233 657 4281 aere
670 4219 698 4280 si
710 4218 818 4299 prima
830 4217 953 4292 mediis,
969 4217 1074 4284 media
1085 4221 1249 4302 postremis
1264 4219 1399 4303 saniem,
1418 4233 1514 4281 asse-

327 4325 511 4392 stamineis
528 4343 695 4410 aqnaseere
715 4329 762 4392 nie
780 4328 905 4394 indiciis
924 4345 1023 4420 eaque.

400 4493 433 4556 (i)
450 4491 554 4542 Amana
570 4493 593 4541 si
609 4505 660 4556 qua
677 4491 723 4542 tibi
740 4493 792 4554 tie,
811 4495 898 4552 tector,
911 4494 1065 4558 minimeque
1079 4495 1158 4546 iatine
1168 4495 1379 4548 dietaviientue.
1390 4493 1420 4542 in
1434 4491 1521 4556 ipsum

324 4579 352 4630 iet
368 4583 447 4630 tetum
464 4575 562 4639 eeniiee
578 4576 704 4640 spetiem.
1342 4577 1409 4629 iiiii.
