3096 5154
188 241 229 306 lili
591 253 820 303 asmonoureus
843 254 969 303 acacius

184 397 273 460 dicta
302 393 436 456 macula
465 392 608 456 tenebris
637 399 683 458 est
714 395 872 470 obducta,
906 393 1052 457 clariora
1085 392 1268 457 montium
1298 391 1397 457 dorsa

184 507 367 571 eminenter
388 503 538 568 tenebras
555 505 729 570 scandunt.
759 506 851 570 lianc
882 505 1050 586 duplicem
1076 503 1329 585 apparentiam
1347 521 1396 568 sc·

185 617 324 695 quentes
343 614 457 696 ligure
474 621 735 681 commonstrant
755 612 853 701 (Tab.
872 616 903 689 l,
922 617 991 697 Fiq.
1011 615 1038 679 V
1058 632 1078 677 e
1095 610 1177 699 Vl).

275 723 385 791 Unum
413 745 543 809 quoque
572 728 732 793 oblivioni
761 728 898 791 minime
927 726 1075 801 tradam,
1103 725 1195 807 qnod
1229 743 1309 792 non
1331 727 1393 791 nisi

187 834 298 916 aliqua
315 854 392 901 cum
412 837 631 902 admiratione
648 839 821 904 adnotavi:
850 839 999 904 medinm
1020 837 1116 918 quasi
1136 834 1253 902 Lunae
1279 839 1394 904 locum

187 963 209 1008 a
226 947 371 1012 cavitate
387 949 532 1029 quadam
553 955 754 1030 occupatum
772 966 843 1012 esse
857 949 993 1030 reliquis
1011 947 1166 1012 omnibus
1186 948 1339 1030 melori,
1356 966 1393 1011 ar

176 1050 295 1137 ‘ligura
322 1058 474 1139 perfecte
504 1059 728 1124 rotunditatis.
752 1058 845 1123 liano
874 1077 975 1141 prope
1004 1058 1233 1141 quadraturas
1275 1059 1393 1123 ambas

186 1169 355 1250 conspexi,
370 1169 586 1251 eamdemque
605 1171 640 1233 in
658 1169 811 1235 secundis
827 1169 1058 1252 suprapositis
1076 1167 1195 1249 liguris
1214 1176 1391 1249 quantum

185 1278 280 1343 licuit
295 1279 444 1344 imitatus
462 1297 551 1345 sum:
571 1280 741 1357 eumdem,
759 1281 868 1362 quoad
883 1281 1173 1345 obumbrationem
1196 1284 1233 1344 el
1260 1279 1392 1345 illumi-

184 1391 370 1466 nationem,
395 1391 476 1456 lacit
494 1398 681 1473 aspectum,
710 1410 748 1455 ac
781 1391 902 1456 laceret
921 1391 1071 1456 interris
1090 1384 1137 1475 (1)
1157 1389 1261 1471 regio
1279 1389 1393 1455 consi·

184 1502 273 1566 milis
289 1501 467 1578 Bobemiae,
484 1504 513 1567 si
527 1504 699 1569 montibus
713 1504 883 1568 altissimis
897 1504 995 1585 inque
1009 1500 1235 1584 pertpbariam
1250 1502 1393 1584 perlecti
1448 1578 1451 1583 Ι

182 1612 300 1676 circuli
318 1613 501 1696 dispositis,
525 1614 759 1679 occluderetur
788 1614 948 1695 undique:
982 1614 1017 1677 in
1052 1613 1146 1677 Luna
1172 1612 1274 1677 enim
1312 1615 1394 1681 adeo
1447 1600 1452 1623 '

51 1723 54 1727 ’
183 1723 280 1788 elatis
294 1723 384 1803 jugis
401 1722 564 1795 vallatur,
582 1730 621 1786 ut
638 1731 789 1788 extrema
806 1743 868 1788 ora
882 1726 1063 1789 tenebrosae
1078 1722 1181 1788 Luae
1195 1726 1297 1804 parti
1313 1742 1394 1791 coo·

186 1834 344 1905 termina,
369 1830 454 1894 Solis
472 1831 598 1894 lumine
622 1832 753 1911 perlusa
772 1839 953 1915 spectetur,
975 1834 1169 1915 priusquam
1191 1833 1290 1899 lucis
1318 1855 1395 1903 um·

185 1942 319 2019 braeque
335 1939 497 2003 terminus
515 1939 557 2001 ad
575 1939 720 2004 mediam
748 1942 851 2023 ipsius
880 1944 995 2025 ligurae
1026 1945 1228 2009 diametrum
1259 1949 1395 2027 perlin-
1456 2004 1458 2011 .

186 2055 243 2131 gat
263 2045 360 2132 (Tab.
380 2048 410 2123 l,
429 2048 499 2132 Fig.
519 2047 607 2136 vll).
627 2049 673 2115 Do
692 2069 784 2116 more
802 2059 916 2119 aulem
933 2055 1137 2136 reliquarum
1156 2057 1393 2131 macularum,

186 2162 343 2226 umbrosa
362 2161 453 2225 illius
470 2180 546 2243 pars
569 2162 678 2227 Solem
709 2163 857 2244 respicit,
887 2164 1051 2230 luminosa
1079 2180 1161 2229 vero
1189 2180 1328 2232 versus
1345 2174 1395 2235 tc·

186 2274 307 2338 ncbras
336 2272 436 2339 Lunae
463 2275 699 2349 constituitur;
728 2275 818 2357 quod
847 2277 944 2341 tertio
974 2277 1114 2341 libenter
1135 2275 1395 2345 observandum

186 2384 375 2461 admoneo,
403 2391 575 2468 tamquam
608 2388 838 2453 tirmissimum
871 2393 1107 2470 argumentum
1141 2387 1396 2467 asperitatum.

186 2498 515 2578 inrequalllatumque
533 2516 590 2578 per
610 2504 716 2562 totam
735 2498 837 2562 Lunae
855 2499 1034 2562 clariorem
1056 2499 1191 2579 plagam
1213 2496 1396 2582 dispersa·

188 2625 278 2678 rum;
289 2607 576 2685 quarumquidem
593 2608 801 2670 macularum
814 2624 942 2689 semper
952 2609 1115 2690 nigriores
1125 2613 1203 2674 suut
1216 2608 1306 2687 illae,
1315 2632 1395 2695 quar

188 2714 336 2778 conlinio
356 2713 491 2778 luminis
517 2721 550 2778 et
571 2716 784 2783 tenebrarum
806 2719 1022 2784 conterminae
1056 2726 1148 2786 sunt:
1184 2724 1395 2791 remotiores

188 2844 268 2892 vero
286 2831 358 2891 tum
369 2823 528 2902 minores,
543 2830 616 2891 lnm
632 2827 780 2893 obscurae
797 2829 907 2895 minus
925 2837 1100 2914 apparent;
1115 2833 1162 2896 ila
1175 2835 1215 2896 ut
1230 2837 1396 2913 tandem,

187 2959 263 3005 cum
298 2939 391 3005 Luna
426 2937 458 3000 in
492 2939 698 3019 oppositione
727 2947 834 3007 totum
869 2943 1056 3025 impleverit
1086 2943 1218 3016 orbern,
1250 2947 1396 3012 modico

188 3051 430 3132 admodumque
450 3050 541 3114 tenui
561 3049 763 3127 discrimine,
786 3055 971 3119 cavitalum
994 3056 1142 3136 opacitas
1165 3053 1207 3117 ab
1230 3057 1397 3125 eminen-

190 3158 312 3221 tiarum
331 3160 475 3222 candore
493 3161 665 3242 discrepet.

278 3265 356 3330 llaec
367 3285 440 3347 quae
452 3274 688 3350 recensuimus,
701 3277 734 3339 in
747 3278 1052 3344 clarioribusLunre
1064 3280 1257 3360 regionibus
1266 3281 1397 3350 obser-

190 3382 321 3442 vantur.
338 3379 461 3444 Verum
480 3381 514 3444 in
533 3388 661 3467 magnis
680 3391 821 3454 maculis
840 3391 915 3454 talis
933 3409 1000 3453 non
1015 3392 1219 3473 conspicitur
1240 3392 1398 3460 lacuna-

188 3507 264 3553 rum
283 3488 346 3576 (2),
360 3494 678 3577 eminentiorumque
696 3500 896 3575 differentia,
907 3502 1236 3582 qualemneoessario
1254 3507 1399 3571 consti-

190 3609 281 3665 luere
311 3604 462 3684 cogimur
483 3606 516 3668 in
536 3613 628 3688 parte
648 3608 818 3683 lucidiori,
838 3612 879 3674 ob
898 3613 1116 3677 mutationem
1138 3613 1331 3693 figurarum
1348 3634 1397 3681 ex

189 3714 255 3776 alia
279 3719 377 3796 atque
402 3717 468 3781 alia
491 3718 735 3784 illuminatione
754 3721 925 3788 radiorum
944 3724 1044 3800 Solis,
1073 3730 1171 3806 prout
1202 3723 1395 3805 multiplici

188 3827 296 3903 positu
327 3825 455 3893 Lunam
485 3832 633 3913 respicit:
658 3840 692 3898 at
715 3836 749 3898 in
768 3842 899 3918 magnis
918 3839 1059 3903 maculis
1078 3837 1227 3899 existunt
1243 3835 1395 3912 quidem

190 3938 309 4000 areolae
329 3942 497 4005 nonnullae
516 3943 795 4021 subobscuriores,
815 3950 921 4014 veluti
941 3950 973 4011 in
994 3948 1109 4029 liguris
1129 3945 1394 4024 adnotavimus;

191 4052 336 4110 attamen
351 4051 419 4113 islae
432 4052 586 4116 eumdem
602 4071 729 4134 semper
741 4058 867 4122 iaciunt
879 4062 1065 4138 aspectum,
1079 4076 1185 4138 neque
1198 4057 1395 4126 intenditur

261 4338 295 4397 (l)
314 4337 488 4384 certissimum
504 4339 721 4399 ampliitlrcutrrnu
738 4344 887 4397 rotumlrmt,
905 4348 944 4399 rel
958 4349 1084 4412 potins...
1104 4347 1154 4395 lls'.
1176 4351 1194 4397 Ι.

262 4413 453 4467 (strenuitatem
471 4413 525 4463 its.
543 4415 562 4462 1.
