<?xml version="1.0" encoding="UTF-8"?>
<!DOCTYPE html PUBLIC "-//W3C//DTD XHTML 1.0 Transitional//EN"
    "http://www.w3.org/TR/xhtml1/DTD/xhtml1-transitional.dtd">
<html xmlns="http://www.w3.org/1999/xhtml" xml:lang="en" lang="en">
 <head>
  <title>
</title>
<meta http-equiv="Content-Type" content="text/html;charset=utf-8" />
  <meta name='ocr-system' content='tesseract 3.04.00' />
  <meta name='ocr-capabilities' content='ocr_page ocr_carea ocr_par ocr_line ocrx_word'/>
</head>
<body>
  <div class='ocr_page' id='page_1' title='image "./leoperedigalile10vivigoog_0269.png"; bbox 0 0 3096 5154; ppageno 0'>
   <div class='ocr_carea' id='block_1_1' title="bbox 507 306 1362 375">
    <p class='ocr_par' dir='ltr' id='par_1_1' title="bbox 507 306 1362 375">
     <span class='ocr_line' id='line_1_1' title="bbox 507 306 1362 375; baseline -0.005 0"><span class='ocrx_word' id='word_1_1' title='bbox 507 327 547 375; x_wconf 81' lang='lat' dir='ltr'><strong><em>oe</em></strong></span> <span class='ocrx_word' id='word_1_2' title='bbox 569 325 776 375; x_wconf 72' lang='lat' dir='ltr'><strong><em>caesareus</em></strong></span> <span class='ocrx_word' id='word_1_3' title='bbox 797 324 828 371; x_wconf 80' lang='lat' dir='ltr'><strong><em>su</em></strong></span> <span class='ocrx_word' id='word_1_4' title='bbox 850 323 931 373; x_wconf 78' lang='lat' dir='ltr'><strong><em>ossa</em></strong></span> <span class='ocrx_word' id='word_1_5' title='bbox 955 324 1043 370; x_wconf 74' lang='lat' dir='ltr'><strong><em>sucu</em></strong></span> <span class='ocrx_word' id='word_1_6' title='bbox 1297 306 1362 372; x_wconf 80' lang='lat'><strong><em>251</em></strong></span> 
     </span>
    </p>
   </div>
   <div class='ocr_carea' id='block_1_2' title="bbox 177 458 1377 4518">
    <p class='ocr_par' dir='ltr' id='par_1_2' title="bbox 177 458 1377 4518">
     <span class='ocr_line' id='line_1_2' title="bbox 181 458 1364 550; baseline -0.007 -17"><span class='ocrx_word' id='word_1_7' title='bbox 181 483 302 550; x_wconf 80' lang='lat' dir='ltr'><strong><em>mapoa</em></strong></span> <span class='ocrx_word' id='word_1_8' title='bbox 322 464 454 530; x_wconf 84' lang='lat' dir='ltr'><strong><em>macula</em></strong></span> <span class='ocrx_word' id='word_1_9' title='bbox 475 461 670 528; x_wconf 77' lang='lat' dir='ltr'><strong><em>obscuriores</em></strong></span> <span class='ocrx_word' id='word_1_10' title='bbox 692 461 733 527; x_wconf 78' lang='lat' dir='ltr'><strong><em>ab</em></strong></span> <span class='ocrx_word' id='word_1_11' title='bbox 754 460 900 526; x_wconf 80' lang='lat' dir='ltr'><strong><em>omailru</em></strong></span> <span class='ocrx_word' id='word_1_12' title='bbox 922 460 1092 526; x_wconf 76' lang='lat' dir='ltr'><strong><em>rideantur</em></strong></span> <span class='ocrx_word' id='word_1_13' title='bbox 1109 458 1224 540; x_wconf 80' lang='lat' dir='ltr'><strong><em>cosque</em></strong></span> <span class='ocrx_word' id='word_1_14' title='bbox 1240 462 1364 543; x_wconf 89' lang='lat' dir='ltr'><strong><em>perspi·</em></strong></span> 
     </span>
     <span class='ocr_line' id='line_1_3' title="bbox 179 571 1364 660; baseline -0.008 -14"><span class='ocrx_word' id='word_1_15' title='bbox 179 579 260 653; x_wconf 91' lang='lat' dir='ltr'><strong><em>cillo,</em></strong></span> <span class='ocrx_word' id='word_1_16' title='bbox 278 595 350 660; x_wconf 83' lang='lat' dir='ltr'><strong><em>pua</em></strong></span> <span class='ocrx_word' id='word_1_17' title='bbox 367 595 442 642; x_wconf 84' lang='lat' dir='ltr'><strong><em>curu</em></strong></span> <span class='ocrx_word' id='word_1_18' title='bbox 458 591 579 657; x_wconf 84' lang='lat' dir='ltr'><strong><em>semper</em></strong></span> <span class='ocrx_word' id='word_1_19' title='bbox 591 573 715 655; x_wconf 87' lang='lat' dir='ltr'><strong><em>pariter</em></strong></span> <span class='ocrx_word' id='word_1_20' title='bbox 743 574 818 638; x_wconf 85' lang='lat' dir='ltr'><strong><em>cisa</em></strong></span> <span class='ocrx_word' id='word_1_21' title='bbox 844 574 982 656; x_wconf 76' lang='lat' dir='ltr'><strong><em>suerint,</em></strong></span> <span class='ocrx_word' id='word_1_22' title='bbox 1006 571 1196 653; x_wconf 75' lang='lat' dir='ltr'><strong><em>iuremeritc</em></strong></span> <span class='ocrx_word' id='word_1_23' title='bbox 1224 573 1364 653; x_wconf 61' lang='lat' dir='ltr'><strong><em>caturca</em></strong></span> 
     </span>
     <span class='ocr_line' id='line_1_4' title="bbox 177 679 1365 774; baseline -0.006 -20"><span class='ocrx_word' id='word_1_24' title='bbox 177 685 394 774; x_wconf 81' lang='lat' dir='ltr'><strong><em>appellantur)</em></strong></span> <span class='ocrx_word' id='word_1_25' title='bbox 422 679 582 760; x_wconf 78' lang='lat' dir='ltr'><strong><em>observat,</em></strong></span> <span class='ocrx_word' id='word_1_26' title='bbox 610 686 759 768; x_wconf 75' lang='lat' dir='ltr'><strong><em>inquam,</em></strong></span> <span class='ocrx_word' id='word_1_27' title='bbox 782 685 819 748; x_wconf 87' lang='lat' dir='ltr'><strong><em>ia</em></strong></span> <span class='ocrx_word' id='word_1_28' title='bbox 841 683 969 748; x_wconf 88' lang='lat' dir='ltr'><strong><em>clariori</em></strong></span> <span class='ocrx_word' id='word_1_29' title='bbox 988 681 1090 746; x_wconf 81' lang='lat' dir='ltr'><strong><em>Lura</em></strong></span> <span class='ocrx_word' id='word_1_30' title='bbox 1106 689 1196 764; x_wconf 89' lang='lat' dir='ltr'><strong><em>parte</em></strong></span> <span class='ocrx_word' id='word_1_31' title='bbox 1216 688 1281 744; x_wconf 87' lang='lat' dir='ltr'><strong><em>tam</em></strong></span> <span class='ocrx_word' id='word_1_32' title='bbox 1295 682 1365 764; x_wconf 75' lang='lat' dir='ltr'><strong><em>[re-</em></strong></span> 
     </span>
     <span class='ocr_line' id='line_1_5' title="bbox 178 789 1363 886; baseline -0.008 -21"><span class='ocrx_word' id='word_1_33' title='bbox 178 808 307 886; x_wconf 79' lang='lat' dir='ltr'><strong><em>queates</em></strong></span> <span class='ocrx_word' id='word_1_34' title='bbox 325 798 475 864; x_wconf 88' lang='lat' dir='ltr'><strong><em>clariores</em></strong></span> <span class='ocrx_word' id='word_1_35' title='bbox 497 795 637 862; x_wconf 81' lang='lat' dir='ltr'><strong><em>maculat</em></strong></span> <span class='ocrx_word' id='word_1_36' title='bbox 660 793 836 860; x_wconf 81' lang='lat' dir='ltr'><strong><em>alseuriore</em></strong></span> <span class='ocrx_word' id='word_1_37' title='bbox 860 795 978 860; x_wconf 87' lang='lat' dir='ltr'><strong><em>circulo</em></strong></span> <span class='ocrx_word' id='word_1_38' title='bbox 1004 811 1041 858; x_wconf 92' lang='lat' dir='ltr'><strong><em>ac</em></strong></span> <span class='ocrx_word' id='word_1_39' title='bbox 1067 789 1160 857; x_wconf 80' lang='lat' dir='ltr'><strong><em>limbo</em></strong></span> <span class='ocrx_word' id='word_1_40' title='bbox 1188 790 1363 864; x_wconf 87' lang='lat' dir='ltr'><strong><em>distiuetas,</em></strong></span> 
     </span>
     <span class='ocr_line' id='line_1_6' title="bbox 179 901 1366 994; baseline -0.008 -17"><span class='ocrx_word' id='word_1_41' title='bbox 179 929 245 994; x_wconf 78' lang='lat' dir='ltr'><strong><em>pua</em></strong></span> <span class='ocrx_word' id='word_1_42' title='bbox 254 917 346 992; x_wconf 86' lang='lat' dir='ltr'><strong><em>parte</em></strong></span> <span class='ocrx_word' id='word_1_43' title='bbox 361 905 433 972; x_wconf 88' lang='lat' dir='ltr'><strong><em>Sole</em></strong></span> <span class='ocrx_word' id='word_1_44' title='bbox 445 907 623 989; x_wconf 77' lang='lat' dir='ltr'><strong><em>propinquo</em></strong></span> <span class='ocrx_word' id='word_1_45' title='bbox 636 906 853 987; x_wconf 82' lang='lat' dir='ltr'><strong><em>aspiciuntur,</em></strong></span> <span class='ocrx_word' id='word_1_46' title='bbox 873 913 909 969; x_wconf 93' lang='lat' dir='ltr'><strong><em>ut</em></strong></span> <span class='ocrx_word' id='word_1_47' title='bbox 925 906 1056 987; x_wconf 83' lang='lat' dir='ltr'><strong><em>pavonis</em></strong></span> <span class='ocrx_word' id='word_1_48' title='bbox 1075 903 1184 969; x_wconf 86' lang='lat' dir='ltr'><strong><em>cauda</em></strong></span> <span class='ocrx_word' id='word_1_49' title='bbox 1199 902 1298 968; x_wconf 88' lang='lat' dir='ltr'><strong><em>oeulis</em></strong></span> <span class='ocrx_word' id='word_1_50' title='bbox 1316 901 1366 967; x_wconf 89' lang='lat' dir='ltr'><strong><em>di-</em></strong></span> 
     </span>
     <span class='ocr_line' id='line_1_7' title="bbox 179 1012 1366 1097; baseline -0.008 -11"><span class='ocrx_word' id='word_1_51' title='bbox 179 1023 303 1086; x_wconf 83' lang='lat' dir='ltr'><strong><em>stiacta</em></strong></span> <span class='ocrx_word' id='word_1_52' title='bbox 319 1036 391 1083; x_wconf 88' lang='lat' dir='ltr'><strong><em>eam</em></strong></span> <span class='ocrx_word' id='word_1_53' title='bbox 406 1015 568 1090; x_wconf 80' lang='lat' dir='ltr'><strong><em>assimilet,</em></strong></span> <span class='ocrx_word' id='word_1_54' title='bbox 588 1015 637 1080; x_wconf 87' lang='lat' dir='ltr'><strong><em>rel</em></strong></span> <span class='ocrx_word' id='word_1_55' title='bbox 654 1015 836 1081; x_wconf 69' lang='lat' dir='ltr'><strong><em>cristallinis</em></strong></span> <span class='ocrx_word' id='word_1_56' title='bbox 850 1017 973 1097; x_wconf 82' lang='lat' dir='ltr'><strong><em>epatisis</em></strong></span> <span class='ocrx_word' id='word_1_57' title='bbox 987 1013 1182 1096; x_wconf 82' lang='lat' dir='ltr'><strong><em>placialilus.</em></strong></span> <span class='ocrx_word' id='word_1_58' title='bbox 1196 1013 1267 1096; x_wconf 80' lang='lat' dir='ltr'><strong><em>Epo</em></strong></span> <span class='ocrx_word' id='word_1_59' title='bbox 1280 1012 1366 1077; x_wconf 86' lang='lat' dir='ltr'><strong><em>mul·</em></strong></span> 
     </span>
     <span class='ocr_line' id='line_1_8' title="bbox 180 1125 1364 1209; baseline -0.008 -12"><span class='ocrx_word' id='word_1_60' title='bbox 180 1132 220 1196; x_wconf 89' lang='lat' dir='ltr'><strong><em>tis</em></strong></span> <span class='ocrx_word' id='word_1_61' title='bbox 241 1129 456 1196; x_wconf 79' lang='lat' dir='ltr'><strong><em>eandidissimi</em></strong></span> <span class='ocrx_word' id='word_1_62' title='bbox 477 1127 605 1208; x_wconf 83' lang='lat' dir='ltr'><strong><em>possipii</em></strong></span> <span class='ocrx_word' id='word_1_63' title='bbox 625 1126 729 1209; x_wconf 64' lang='lat' dir='ltr'><strong><em>[loccis</em></strong></span> <span class='ocrx_word' id='word_1_64' title='bbox 746 1125 842 1190; x_wconf 85' lang='lat' dir='ltr'><strong><em>simul</em></strong></span> <span class='ocrx_word' id='word_1_65' title='bbox 868 1126 1037 1198; x_wconf 87' lang='lat' dir='ltr'><strong><em>acerratis,</em></strong></span> <span class='ocrx_word' id='word_1_66' title='bbox 1060 1133 1099 1190; x_wconf 89' lang='lat' dir='ltr'><strong><em>ut</em></strong></span> <span class='ocrx_word' id='word_1_67' title='bbox 1120 1126 1199 1189; x_wconf 81' lang='lat' dir='ltr'><strong><em>mili</em></strong></span> <span class='ocrx_word' id='word_1_68' title='bbox 1216 1126 1286 1190; x_wconf 83' lang='lat' dir='ltr'><strong><em>uisa</em></strong></span> <span class='ocrx_word' id='word_1_69' title='bbox 1305 1133 1364 1197; x_wconf 89' lang='lat' dir='ltr'><strong><em>est,</em></strong></span> 
     </span>
     <span class='ocr_line' id='line_1_9' title="bbox 179 1234 1367 1322; baseline -0.006 -17"><span class='ocrx_word' id='word_1_70' title='bbox 179 1242 283 1322; x_wconf 82' lang='lat' dir='ltr'><strong><em>ipsam</em></strong></span> <span class='ocrx_word' id='word_1_71' title='bbox 299 1240 431 1304; x_wconf 77' lang='lat' dir='ltr'><strong><em>ciuium</em></strong></span> <span class='ocrx_word' id='word_1_72' title='bbox 442 1235 568 1317; x_wconf 76' lang='lat' dir='ltr'><strong><em>judico,</em></strong></span> <span class='ocrx_word' id='word_1_73' title='bbox 587 1234 662 1301; x_wconf 88' lang='lat' dir='ltr'><strong><em>tales</em></strong></span> <span class='ocrx_word' id='word_1_74' title='bbox 681 1237 778 1301; x_wconf 85' lang='lat' dir='ltr'><strong><em>etiam</em></strong></span> <span class='ocrx_word' id='word_1_75' title='bbox 794 1235 943 1301; x_wconf 78' lang='lat' dir='ltr'><strong><em>candidas</em></strong></span> <span class='ocrx_word' id='word_1_76' title='bbox 966 1235 1064 1300; x_wconf 80' lang='lat' dir='ltr'><strong><em>audes</em></strong></span> <span class='ocrx_word' id='word_1_77' title='bbox 1086 1236 1176 1299; x_wconf 89' lang='lat' dir='ltr'><strong><em>tcuui</em></strong></span> <span class='ocrx_word' id='word_1_78' title='bbox 1197 1243 1291 1302; x_wconf 87' lang='lat' dir='ltr'><strong><em>oeuto</em></strong></span> <span class='ocrx_word' id='word_1_79' title='bbox 1313 1235 1367 1298; x_wconf 95' lang='lat' dir='ltr'><strong><em>di·</em></strong></span> 
     </span>
     <span class='ocr_line' id='line_1_10' title="bbox 180 1328 1366 1431; baseline -0.002 -19"><span class='ocrx_word' id='word_1_80' title='bbox 180 1365 305 1431; x_wconf 89' lang='lat' dir='ltr'><strong><em>spersas</em></strong></span> <span class='ocrx_word' id='word_1_81' title='bbox 314 1365 391 1430; x_wconf 86' lang='lat' dir='ltr'><strong><em>sape</em></strong></span> <span class='ocrx_word' id='word_1_82' title='bbox 402 1347 626 1428; x_wconf 72' lang='lat' dir='ltr'><strong><em>conspicimus:</em></strong></span> <span class='ocrx_word' id='word_1_83' title='bbox 637 1347 702 1410; x_wconf 78' lang='lat' dir='ltr'><strong><em>iac</em></strong></span> <span class='ocrx_word' id='word_1_84' title='bbox 716 1364 789 1411; x_wconf 85' lang='lat' dir='ltr'><strong><em>eum</em></strong></span> <span class='ocrx_word' id='word_1_85' title='bbox 803 1328 963 1411; x_wconf 73' lang='lat' dir='ltr'><strong><em>rideretur</em></strong></span> <span class='ocrx_word' id='word_1_86' title='bbox 976 1347 1012 1408; x_wconf 87' lang='lat' dir='ltr'><strong><em>iu</em></strong></span> <span class='ocrx_word' id='word_1_87' title='bbox 1021 1352 1111 1427; x_wconf 90' lang='lat' dir='ltr'><strong><em>parte</em></strong></span> <span class='ocrx_word' id='word_1_88' title='bbox 1126 1345 1273 1420; x_wconf 85' lang='lat' dir='ltr'><strong><em>clariore,</em></strong></span> <span class='ocrx_word' id='word_1_89' title='bbox 1284 1362 1366 1428; x_wconf 92' lang='lat' dir='ltr'><strong><em>par·</em></strong></span> 
     </span>
     <span class='ocr_line' id='line_1_11' title="bbox 181 1455 1364 1538; baseline -0.003 -15"><span class='ocrx_word' id='word_1_90' title='bbox 181 1467 226 1523; x_wconf 90' lang='lat' dir='ltr'><strong><em>tes</em></strong></span> <span class='ocrx_word' id='word_1_91' title='bbox 242 1459 349 1522; x_wconf 65' lang='lat' dir='ltr'><strong><em>maus</em></strong></span> <span class='ocrx_word' id='word_1_92' title='bbox 365 1456 474 1530; x_wconf 85' lang='lat' dir='ltr'><strong><em>clara,</em></strong></span> <span class='ocrx_word' id='word_1_93' title='bbox 485 1473 566 1538; x_wconf 77' lang='lat' dir='ltr'><strong><em>quas</em></strong></span> <span class='ocrx_word' id='word_1_94' title='bbox 576 1458 728 1538; x_wconf 79' lang='lat' dir='ltr'><strong><em>autiquae</em></strong></span> <span class='ocrx_word' id='word_1_95' title='bbox 738 1455 880 1520; x_wconf 85' lang='lat' dir='ltr'><strong><em>maculas</em></strong></span> <span class='ocrx_word' id='word_1_96' title='bbox 891 1455 1045 1528; x_wconf 78' lang='lat' dir='ltr'><strong><em>diximus,</em></strong></span> <span class='ocrx_word' id='word_1_97' title='bbox 1058 1455 1150 1520; x_wconf 91' lang='lat' dir='ltr'><strong><em>aliter</em></strong></span> <span class='ocrx_word' id='word_1_98' title='bbox 1160 1458 1364 1538; x_wconf 76' lang='lat' dir='ltr'><strong><em>wurpiciuu-</em></strong></span> 
     </span>
     <span class='ocr_line' id='line_1_12' title="bbox 179 1565 1366 1647; baseline -0.002 -15"><span class='ocrx_word' id='word_1_99' title='bbox 179 1575 249 1643; x_wconf 85' lang='lat' dir='ltr'><strong><em>tur,</em></strong></span> <span class='ocrx_word' id='word_1_100' title='bbox 275 1583 342 1631; x_wconf 79' lang='lat' dir='ltr'><strong><em>aaa</em></strong></span> <span class='ocrx_word' id='word_1_101' title='bbox 369 1567 456 1631; x_wconf 81' lang='lat' dir='ltr'><strong><em>euius</em></strong></span> <span class='ocrx_word' id='word_1_102' title='bbox 482 1566 637 1631; x_wconf 82' lang='lat' dir='ltr'><strong><em>consimili</em></strong></span> <span class='ocrx_word' id='word_1_103' title='bbox 662 1565 752 1631; x_wconf 83' lang='lat' dir='ltr'><strong><em>modo</em></strong></span> <span class='ocrx_word' id='word_1_104' title='bbox 781 1567 980 1646; x_wconf 81' lang='lat' dir='ltr'><strong><em>interrupta,</em></strong></span> <span class='ocrx_word' id='word_1_105' title='bbox 1011 1583 1112 1647; x_wconf 82' lang='lat' dir='ltr'><strong><em>aeque</em></strong></span> <span class='ocrx_word' id='word_1_106' title='bbox 1141 1565 1290 1640; x_wconf 69' lang='lat' dir='ltr'><strong><em>callim,</em></strong></span> <span class='ocrx_word' id='word_1_107' title='bbox 1307 1575 1366 1631; x_wconf 89' lang='lat' dir='ltr'><strong><em>aut</em></strong></span> 
     </span>
     <span class='ocr_line' id='line_1_13' title="bbox 179 1675 1367 1759; baseline -0.002 -16"><span class='ocrx_word' id='word_1_108' title='bbox 179 1675 337 1743; x_wconf 77' lang='lat' dir='ltr'><strong><em>meatibus</em></strong></span> <span class='ocrx_word' id='word_1_109' title='bbox 351 1677 476 1758; x_wconf 73' lang='lat' dir='ltr'><strong><em>repertu</em></strong></span> <span class='ocrx_word' id='word_1_110' title='bbox 493 1685 689 1750; x_wconf 81' lang='lat' dir='ltr'><strong><em>cernuntur,</em></strong></span> <span class='ocrx_word' id='word_1_111' title='bbox 719 1677 773 1740; x_wconf 91' lang='lat' dir='ltr'><strong><em>sed</em></strong></span> <span class='ocrx_word' id='word_1_112' title='bbox 794 1677 895 1757; x_wconf 80' lang='lat' dir='ltr'><strong><em>mapis</em></strong></span> <span class='ocrx_word' id='word_1_113' title='bbox 918 1675 1099 1757; x_wconf 73' lang='lat' dir='ltr'><strong><em>aquatiles,</em></strong></span> <span class='ocrx_word' id='word_1_114' title='bbox 1123 1684 1153 1740; x_wconf 94' lang='lat' dir='ltr'><strong><em>et</em></strong></span> <span class='ocrx_word' id='word_1_115' title='bbox 1175 1678 1367 1759; x_wconf 68' lang='lat' dir='ltr'><strong><em>uniformes:</em></strong></span> 
     </span>
     <span class='ocr_line' id='line_1_14' title="bbox 177 1785 1365 1866; baseline -0.002 -14"><span class='ocrx_word' id='word_1_116' title='bbox 177 1786 367 1852; x_wconf 62' lang='lat' dir='ltr'><strong><em>muodo</em></strong></span> <span class='ocrx_word' id='word_1_117' title='bbox 395 1787 480 1851; x_wconf 85' lang='lat' dir='ltr'><strong><em>euim</em></strong></span> <span class='ocrx_word' id='word_1_118' title='bbox 509 1785 697 1851; x_wconf 78' lang='lat' dir='ltr'><strong><em>clarioribus</em></strong></span> <span class='ocrx_word' id='word_1_119' title='bbox 723 1787 886 1852; x_wconf 85' lang='lat' dir='ltr'><strong><em>uoaaullis</em></strong></span> <span class='ocrx_word' id='word_1_120' title='bbox 908 1786 1036 1860; x_wconf 89' lang='lat' dir='ltr'><strong><em>areolis,</em></strong></span> <span class='ocrx_word' id='word_1_121' title='bbox 1056 1789 1115 1851; x_wconf 80' lang='lat' dir='ltr'><strong><em>leae</em></strong></span> <span class='ocrx_word' id='word_1_122' title='bbox 1139 1788 1211 1866; x_wconf 84' lang='lat' dir='ltr'><strong><em>illac</em></strong></span> <span class='ocrx_word' id='word_1_123' title='bbox 1229 1794 1365 1859; x_wconf 85' lang='lat' dir='ltr'><strong><em>scateat,</em></strong></span> 
     </span>
     <span class='ocr_line' id='line_1_15' title="bbox 179 1868 1366 1978; baseline -0.003 -14"><span class='ocrx_word' id='word_1_124' title='bbox 179 1897 255 1964; x_wconf 88' lang='lat' dir='ltr'><strong><em>adca</em></strong></span> <span class='ocrx_word' id='word_1_125' title='bbox 264 1906 301 1962; x_wconf 87' lang='lat' dir='ltr'><strong><em>ut</em></strong></span> <span class='ocrx_word' id='word_1_126' title='bbox 313 1901 342 1962; x_wconf 92' lang='lat' dir='ltr'><strong><em>si</em></strong></span> <span class='ocrx_word' id='word_1_127' title='bbox 352 1899 426 1978; x_wconf 82' lang='lat' dir='ltr'><strong><em>puis</em></strong></span> <span class='ocrx_word' id='word_1_128' title='bbox 437 1903 581 1961; x_wconf 77' lang='lat' dir='ltr'><strong><em>courum</em></strong></span> <span class='ocrx_word' id='word_1_129' title='bbox 590 1868 854 1976; x_wconf 61' lang='lat' dir='ltr'><strong><em>Pitltaporeon&#39;em</em></strong></span> <span class='ocrx_word' id='word_1_130' title='bbox 868 1898 1057 1961; x_wconf 80' lang='lat' dir='ltr'><strong><em>senteutiam</em></strong></span> <span class='ocrx_word' id='word_1_131' title='bbox 1067 1897 1261 1962; x_wconf 70' lang='lat' dir='ltr'><strong><em>exsuscitare</em></strong></span> <span class='ocrx_word' id='word_1_132' title='bbox 1279 1897 1366 1969; x_wconf 86' lang='lat' dir='ltr'><strong><em>velit,</em></strong></span> 
     </span>
     <span class='ocr_line' id='line_1_16' title="bbox 179 2003 1365 2088; baseline -0.001 -17"><span class='ocrx_word' id='word_1_133' title='bbox 179 2006 307 2073; x_wconf 76' lang='lat' dir='ltr'><strong><em>Lunam</em></strong></span> <span class='ocrx_word' id='word_1_134' title='bbox 322 2005 436 2071; x_wconf 89' lang='lat' dir='ltr'><strong><em>scilicet</em></strong></span> <span class='ocrx_word' id='word_1_135' title='bbox 452 2022 520 2070; x_wconf 89' lang='lat' dir='ltr'><strong><em>esse</em></strong></span> <span class='ocrx_word' id='word_1_136' title='bbox 539 2003 697 2069; x_wconf 84' lang='lat' dir='ltr'><strong><em>Tellurem</em></strong></span> <span class='ocrx_word' id='word_1_137' title='bbox 713 2006 861 2079; x_wconf 85' lang='lat' dir='ltr'><strong><em>alteram,</em></strong></span> <span class='ocrx_word' id='word_1_138' title='bbox 885 2006 953 2086; x_wconf 83' lang='lat' dir='ltr'><strong><em>ejus</em></strong></span> <span class='ocrx_word' id='word_1_139' title='bbox 973 2025 1049 2088; x_wconf 90' lang='lat' dir='ltr'><strong><em>pars</em></strong></span> <span class='ocrx_word' id='word_1_140' title='bbox 1072 2007 1205 2072; x_wconf 75' lang='lat' dir='ltr'><strong><em>lucidior</em></strong></span> <span class='ocrx_word' id='word_1_141' title='bbox 1217 2017 1365 2081; x_wconf 88' lang='lat' dir='ltr'><strong><em>terream,</em></strong></span> 
     </span>
     <span class='ocr_line' id='line_1_17' title="bbox 179 2114 1366 2201; baseline 0.001 -20"><span class='ocrx_word' id='word_1_142' title='bbox 179 2116 384 2198; x_wconf 63' lang='lat' dir='ltr'><strong><em>superficiem,</em></strong></span> <span class='ocrx_word' id='word_1_143' title='bbox 402 2114 537 2181; x_wconf 80' lang='lat' dir='ltr'><strong><em>oiscura</em></strong></span> <span class='ocrx_word' id='word_1_144' title='bbox 554 2132 629 2179; x_wconf 86' lang='lat' dir='ltr'><strong><em>cero</em></strong></span> <span class='ocrx_word' id='word_1_145' title='bbox 657 2131 793 2196; x_wconf 82' lang='lat' dir='ltr'><strong><em>opueam</em></strong></span> <span class='ocrx_word' id='word_1_146' title='bbox 820 2117 921 2197; x_wconf 81' lang='lat' dir='ltr'><strong><em>mapis</em></strong></span> <span class='ocrx_word' id='word_1_147' title='bbox 951 2135 1089 2198; x_wconf 84' lang='lat' dir='ltr'><strong><em>eoaprue</em></strong></span> <span class='ocrx_word' id='word_1_148' title='bbox 1117 2127 1366 2201; x_wconf 81' lang='lat' dir='ltr'><strong><em>representaret.</em></strong></span> 
     </span>
     <span class='ocr_line' id='line_1_18' title="bbox 184 2221 1367 2310; baseline 0.003 -21"><span class='ocrx_word' id='word_1_149' title='bbox 184 2221 255 2289; x_wconf 82' lang='lat' dir='ltr'><strong><em>Sili</em></strong></span> <span class='ocrx_word' id='word_1_150' title='bbox 267 2231 374 2288; x_wconf 80' lang='lat' dir='ltr'><strong><em>autem</em></strong></span> <span class='ocrx_word' id='word_1_151' title='bbox 391 2242 558 2308; x_wconf 61' lang='lat' dir='ltr'><strong><em>erumpam</em></strong></span> <span class='ocrx_word' id='word_1_152' title='bbox 573 2222 709 2288; x_wconf 79' lang='lat' dir='ltr'><strong><em>dulium</em></strong></span> <span class='ocrx_word' id='word_1_153' title='bbox 724 2225 824 2306; x_wconf 71' lang='lat' dir='ltr'><strong><em>luisse</em></strong></span> <span class='ocrx_word' id='word_1_154' title='bbox 840 2227 953 2290; x_wconf 86' lang='lat' dir='ltr'><strong><em>asserit</em></strong></span> <span class='ocrx_word' id='word_1_155' title='bbox 972 2230 1128 2292; x_wconf 89' lang='lat' dir='ltr'><strong><em>terrestris</em></strong></span> <span class='ocrx_word' id='word_1_156' title='bbox 1145 2228 1226 2309; x_wconf 81' lang='lat' dir='ltr'><strong><em>plobi</em></strong></span> <span class='ocrx_word' id='word_1_157' title='bbox 1242 2247 1264 2293; x_wconf 93' lang='lat' dir='ltr'><strong><em>a</em></strong></span> <span class='ocrx_word' id='word_1_158' title='bbox 1279 2228 1367 2310; x_wconf 77' lang='lat' dir='ltr'><strong><em>lappe</em></strong></span> 
     </span>
     <span class='ocr_line' id='line_1_19' title="bbox 183 2333 1368 2422; baseline 0.006 -26"><span class='ocrx_word' id='word_1_159' title='bbox 183 2333 352 2415; x_wconf 66' lang='lat' dir='ltr'><strong><em>mamati,</em></strong></span> <span class='ocrx_word' id='word_1_160' title='bbox 370 2341 463 2415; x_wconf 74' lang='lat' dir='ltr'><strong><em>atque</em></strong></span> <span class='ocrx_word' id='word_1_161' title='bbox 479 2351 503 2400; x_wconf 90' lang='lat' dir='ltr'><strong><em>a</em></strong></span> <span class='ocrx_word' id='word_1_162' title='bbox 517 2334 616 2400; x_wconf 80' lang='lat' dir='ltr'><strong><em>radiis</em></strong></span> <span class='ocrx_word' id='word_1_163' title='bbox 635 2333 792 2399; x_wconf 80' lang='lat' dir='ltr'><strong><em>solaribus</em></strong></span> <span class='ocrx_word' id='word_1_164' title='bbox 803 2336 928 2417; x_wconf 70' lang='lat' dir='ltr'><strong><em>pertusi</em></strong></span> <span class='ocrx_word' id='word_1_165' title='bbox 944 2345 1079 2402; x_wconf 88' lang='lat' dir='ltr'><strong><em>terream</em></strong></span> <span class='ocrx_word' id='word_1_166' title='bbox 1093 2341 1287 2422; x_wconf 71' lang='lat' dir='ltr'><strong><em>superficiem</em></strong></span> <span class='ocrx_word' id='word_1_167' title='bbox 1301 2338 1368 2403; x_wconf 92' lang='lat' dir='ltr'><strong><em>cla·</em></strong></span> 
     </span>
     <span class='ocr_line' id='line_1_20' title="bbox 183 2436 1367 2527; baseline 0.001 -17"><span class='ocrx_word' id='word_1_168' title='bbox 183 2445 314 2517; x_wconf 62' lang='lat' dir='ltr'><strong><em>rioreu</em></strong></span> <span class='ocrx_word' id='word_1_169' title='bbox 324 2442 532 2510; x_wconf 78' lang='lat' dir='ltr'><strong><em>oduarureu</em></strong></span> <span class='ocrx_word' id='word_1_170' title='bbox 545 2463 619 2510; x_wconf 86' lang='lat' dir='ltr'><strong><em>aero</em></strong></span> <span class='ocrx_word' id='word_1_171' title='bbox 629 2462 767 2526; x_wconf 78' lang='lat' dir='ltr'><strong><em>aqueum</em></strong></span> <span class='ocrx_word' id='word_1_172' title='bbox 780 2462 843 2509; x_wconf 83' lang='lat' dir='ltr'><strong><em>sese</em></strong></span> <span class='ocrx_word' id='word_1_173' title='bbox 862 2446 898 2508; x_wconf 87' lang='lat' dir='ltr'><strong><em>iu</em></strong></span> <span class='ocrx_word' id='word_1_174' title='bbox 916 2436 1114 2527; x_wconf 77' lang='lat' dir='ltr'><strong><em>conspectura</em></strong></span> <span class='ocrx_word' id='word_1_175' title='bbox 1129 2446 1294 2520; x_wconf 61' lang='lat' dir='ltr'><strong><em>usuram:</em></strong></span> <span class='ocrx_word' id='word_1_176' title='bbox 1310 2466 1367 2511; x_wconf 83' lang='lat' dir='ltr'><strong><em>uec</em></strong></span> 
     </span>
     <span class='ocr_line' id='line_1_21' title="bbox 182 2553 1368 2636; baseline 0 -18"><span class='ocrx_word' id='word_1_177' title='bbox 182 2553 273 2618; x_wconf 78' lang='lat' dir='ltr'><strong><em>ruodo</em></strong></span> <span class='ocrx_word' id='word_1_178' title='bbox 300 2553 467 2636; x_wconf 80' lang='lat' dir='ltr'><strong><em>upuadiles</em></strong></span> <span class='ocrx_word' id='word_1_179' title='bbox 496 2554 640 2620; x_wconf 77' lang='lat' dir='ltr'><strong><em>observat</em></strong></span> <span class='ocrx_word' id='word_1_180' title='bbox 658 2555 715 2618; x_wconf 81' lang='lat' dir='ltr'><strong><em>aas</em></strong></span> <span class='ocrx_word' id='word_1_181' title='bbox 732 2554 888 2629; x_wconf 72' lang='lat' dir='ltr'><strong><em>mualas,</em></strong></span> <span class='ocrx_word' id='word_1_182' title='bbox 907 2555 1004 2620; x_wconf 85' lang='lat' dir='ltr'><strong><em>ueluti</em></strong></span> <span class='ocrx_word' id='word_1_183' title='bbox 1020 2572 1156 2636; x_wconf 84' lang='lat' dir='ltr'><strong><em>aqueum</em></strong></span> <span class='ocrx_word' id='word_1_184' title='bbox 1173 2557 1210 2619; x_wconf 87' lang='lat' dir='ltr'><strong><em>iu</em></strong></span> <span class='ocrx_word' id='word_1_185' title='bbox 1228 2557 1368 2620; x_wconf 90' lang='lat' dir='ltr'><strong><em>terrestri</em></strong></span> 
     </span>
     <span class='ocr_line' id='line_1_22' title="bbox 179 2663 1369 2748; baseline 0 -20"><span class='ocrx_word' id='word_1_186' title='bbox 179 2663 268 2746; x_wconf 79' lang='lat' dir='ltr'><strong><em>piola</em></strong></span> <span class='ocrx_word' id='word_1_187' title='bbox 283 2664 494 2748; x_wconf 71' lang='lat' dir='ltr'><strong><em>superficiem,</em></strong></span> <span class='ocrx_word' id='word_1_188' title='bbox 513 2682 626 2732; x_wconf 87' lang='lat' dir='ltr'><strong><em>oerum</em></strong></span> <span class='ocrx_word' id='word_1_189' title='bbox 643 2666 738 2729; x_wconf 89' lang='lat' dir='ltr'><strong><em>etiam</em></strong></span> <span class='ocrx_word' id='word_1_190' title='bbox 756 2665 975 2746; x_wconf 73' lang='lat' dir='ltr'><strong><em>depressiores,</em></strong></span> <span class='ocrx_word' id='word_1_191' title='bbox 994 2674 1032 2729; x_wconf 91' lang='lat' dir='ltr'><strong><em>ut</em></strong></span> <span class='ocrx_word' id='word_1_192' title='bbox 1051 2683 1092 2730; x_wconf 82' lang='lat' dir='ltr'><strong><em>ea</em></strong></span> <span class='ocrx_word' id='word_1_193' title='bbox 1108 2667 1235 2730; x_wconf 89' lang='lat' dir='ltr'><strong><em>macula</em></strong></span> <span class='ocrx_word' id='word_1_194' title='bbox 1251 2667 1288 2729; x_wconf 82' lang='lat' dir='ltr'><strong><em>iu</em></strong></span> <span class='ocrx_word' id='word_1_195' title='bbox 1303 2664 1369 2728; x_wconf 89' lang='lat' dir='ltr'><strong><em>Bo·</em></strong></span> 
     </span>
     <span class='ocr_line' id='line_1_23' title="bbox 179 2775 1368 2860; baseline -0.003 -18"><span class='ocrx_word' id='word_1_196' title='bbox 179 2775 258 2842; x_wconf 76' lang='lat' dir='ltr'><strong><em>reali</em></strong></span> <span class='ocrx_word' id='word_1_197' title='bbox 270 2783 364 2859; x_wconf 89' lang='lat' dir='ltr'><strong><em>parte</em></strong></span> <span class='ocrx_word' id='word_1_198' title='bbox 379 2783 551 2857; x_wconf 78' lang='lat' dir='ltr'><strong><em>apparente</em></strong></span> <span class='ocrx_word' id='word_1_199' title='bbox 574 2777 610 2839; x_wconf 87' lang='lat' dir='ltr'><strong><em>iu</em></strong></span> <span class='ocrx_word' id='word_1_200' title='bbox 632 2783 750 2857; x_wconf 80' lang='lat' dir='ltr'><strong><em>quarta</em></strong></span> <span class='ocrx_word' id='word_1_201' title='bbox 771 2779 951 2860; x_wconf 72' lang='lat' dir='ltr'><strong><em>fipuranem</em></strong></span> <span class='ocrx_word' id='word_1_202' title='bbox 972 2777 1176 2860; x_wconf 76' lang='lat' dir='ltr'><strong><em>descriptione</em></strong></span> <span class='ocrx_word' id='word_1_203' title='bbox 1198 2775 1368 2856; x_wconf 85' lang='lat' dir='ltr'><strong><em>callipitur;</em></strong></span> 
     </span>
     <span class='ocr_line' id='line_1_24' title="bbox 180 2884 1368 2972; baseline -0.003 -20"><span class='ocrx_word' id='word_1_204' title='bbox 180 2887 267 2952; x_wconf 86' lang='lat' dir='ltr'><strong><em>addit</em></strong></span> <span class='ocrx_word' id='word_1_205' title='bbox 283 2887 381 2951; x_wconf 82' lang='lat' dir='ltr'><strong><em>etiam</em></strong></span> <span class='ocrx_word' id='word_1_206' title='bbox 394 2884 497 2971; x_wconf 80' lang='lat' dir='ltr'><strong><em>(paca</em></strong></span> <span class='ocrx_word' id='word_1_207' title='bbox 509 2888 674 2968; x_wconf 75' lang='lat' dir='ltr'><strong><em>omnifeste</em></strong></span> <span class='ocrx_word' id='word_1_208' title='bbox 691 2887 851 2972; x_wconf 79' lang='lat' dir='ltr'><strong><em>seruitus)</em></strong></span> <span class='ocrx_word' id='word_1_209' title='bbox 864 2889 1012 2952; x_wconf 77' lang='lat' dir='ltr'><strong><em>terminos</em></strong></span> <span class='ocrx_word' id='word_1_210' title='bbox 1031 2889 1147 2952; x_wconf 76' lang='lat' dir='ltr'><strong><em>danem</em></strong></span> <span class='ocrx_word' id='word_1_211' title='bbox 1160 2887 1368 2957; x_wconf 86' lang='lat' dir='ltr'><strong><em>macularum,</em></strong></span> 
     </span>
     <span class='ocr_line' id='line_1_25' title="bbox 182 2995 1367 3079; baseline -0.002 -18"><span class='ocrx_word' id='word_1_212' title='bbox 182 2996 298 3078; x_wconf 76' lang='lat' dir='ltr'><strong><em>assidue</em></strong></span> <span class='ocrx_word' id='word_1_213' title='bbox 311 2995 352 3060; x_wconf 83' lang='lat' dir='ltr'><strong><em>al</em></strong></span> <span class='ocrx_word' id='word_1_214' title='bbox 368 3013 468 3078; x_wconf 90' lang='lat' dir='ltr'><strong><em>opaca</em></strong></span> <span class='ocrx_word' id='word_1_215' title='bbox 482 3005 571 3078; x_wconf 92' lang='lat' dir='ltr'><strong><em>parte</em></strong></span> <span class='ocrx_word' id='word_1_216' title='bbox 591 2996 832 3071; x_wconf 79' lang='lat' dir='ltr'><strong><em>discernuntur,</em></strong></span> <span class='ocrx_word' id='word_1_217' title='bbox 853 3016 918 3063; x_wconf 84' lang='lat' dir='ltr'><strong><em>aaa</em></strong></span> <span class='ocrx_word' id='word_1_218' title='bbox 936 3016 999 3061; x_wconf 87' lang='lat' dir='ltr'><strong><em>esse</em></strong></span> <span class='ocrx_word' id='word_1_219' title='bbox 1016 3014 1157 3079; x_wconf 86' lang='lat' dir='ltr'><strong><em>asperos,</em></strong></span> <span class='ocrx_word' id='word_1_220' title='bbox 1182 2995 1367 3076; x_wconf 79' lang='lat' dir='ltr'><strong><em>inequales,</em></strong></span> 
     </span>
     <span class='ocr_line' id='line_1_26' title="bbox 183 3105 1368 3189; baseline -0.003 -18"><span class='ocrx_word' id='word_1_221' title='bbox 183 3122 223 3171; x_wconf 90' lang='lat' dir='ltr'><strong><em>ae</em></strong></span> <span class='ocrx_word' id='word_1_222' title='bbox 240 3107 396 3183; x_wconf 86' lang='lat' dir='ltr'><strong><em>siuuasos,</em></strong></span> <span class='ocrx_word' id='word_1_223' title='bbox 412 3115 450 3171; x_wconf 82' lang='lat' dir='ltr'><strong><em>ut</em></strong></span> <span class='ocrx_word' id='word_1_224' title='bbox 466 3114 544 3171; x_wconf 85' lang='lat' dir='ltr'><strong><em>suut</em></strong></span> <span class='ocrx_word' id='word_1_225' title='bbox 563 3105 743 3172; x_wconf 85' lang='lat' dir='ltr'><strong><em>lucidarum</em></strong></span> <span class='ocrx_word' id='word_1_226' title='bbox 757 3109 917 3189; x_wconf 88' lang='lat' dir='ltr'><strong><em>partium,</em></strong></span> <span class='ocrx_word' id='word_1_227' title='bbox 928 3108 1094 3188; x_wconf 88' lang='lat' dir='ltr'><strong><em>sedpotius</em></strong></span> <span class='ocrx_word' id='word_1_228' title='bbox 1107 3108 1204 3179; x_wconf 85' lang='lat' dir='ltr'><strong><em>leues,</em></strong></span> <span class='ocrx_word' id='word_1_229' title='bbox 1217 3107 1368 3188; x_wconf 82' lang='lat' dir='ltr'><strong><em>aquales,</em></strong></span> 
     </span>
     <span class='ocr_line' id='line_1_27' title="bbox 183 3214 1370 3301; baseline -0.003 -20"><span class='ocrx_word' id='word_1_230' title='bbox 183 3233 225 3281; x_wconf 90' lang='lat' dir='ltr'><strong><em>ao</em></strong></span> <span class='ocrx_word' id='word_1_231' title='bbox 242 3214 336 3281; x_wconf 81' lang='lat' dir='ltr'><strong><em>uallis</em></strong></span> <span class='ocrx_word' id='word_1_232' title='bbox 352 3214 572 3301; x_wconf 69' lang='lat' dir='ltr'><strong><em>asperitatibus</em></strong></span> <span class='ocrx_word' id='word_1_233' title='bbox 590 3218 799 3299; x_wconf 81' lang='lat' dir='ltr'><strong><em>interruptos,</em></strong></span> <span class='ocrx_word' id='word_1_234' title='bbox 818 3236 859 3281; x_wconf 81' lang='lat' dir='ltr'><strong><em>ea</em></strong></span> <span class='ocrx_word' id='word_1_235' title='bbox 877 3235 940 3299; x_wconf 82' lang='lat' dir='ltr'><strong><em>pua</em></strong></span> <span class='ocrx_word' id='word_1_236' title='bbox 962 3219 1183 3300; x_wconf 74' lang='lat' dir='ltr'><strong><em>confirmatur,</em></strong></span> <span class='ocrx_word' id='word_1_237' title='bbox 1207 3215 1292 3299; x_wconf 78' lang='lat' dir='ltr'><strong><em>quad</em></strong></span> <span class='ocrx_word' id='word_1_238' title='bbox 1312 3232 1370 3278; x_wconf 91' lang='lat' dir='ltr'><strong><em>su-</em></strong></span> 
     </span>
     <span class='ocr_line' id='line_1_28' title="bbox 180 3325 1371 3411; baseline -0.002 -20"><span class='ocrx_word' id='word_1_239' title='bbox 180 3327 293 3409; x_wconf 87' lang='lat' dir='ltr'><strong><em>perius</em></strong></span> <span class='ocrx_word' id='word_1_240' title='bbox 309 3326 426 3391; x_wconf 85' lang='lat' dir='ltr'><strong><em>dietuas</em></strong></span> <span class='ocrx_word' id='word_1_241' title='bbox 437 3328 516 3410; x_wconf 72' lang='lat' dir='ltr'><strong><em>suit,</em></strong></span> <span class='ocrx_word' id='word_1_242' title='bbox 531 3330 725 3411; x_wconf 74' lang='lat' dir='ltr'><strong><em>superficiem</em></strong></span> <span class='ocrx_word' id='word_1_243' title='bbox 743 3346 935 3409; x_wconf 58' lang='lat' dir='ltr'><strong><em>murorum</em></strong></span> <span class='ocrx_word' id='word_1_244' title='bbox 949 3325 1149 3391; x_wconf 73' lang='lat' dir='ltr'><strong><em>macuurum</em></strong></span> <span class='ocrx_word' id='word_1_245' title='bbox 1163 3344 1226 3392; x_wconf 92' lang='lat' dir='ltr'><strong><em>esse</em></strong></span> <span class='ocrx_word' id='word_1_246' title='bbox 1238 3343 1371 3409; x_wconf 87' lang='lat' dir='ltr'><strong><em>prorsus</em></strong></span> 
     </span>
     <span class='ocr_line' id='line_1_29' title="bbox 183 3434 1372 3521; baseline -0.003 -19"><span class='ocrx_word' id='word_1_247' title='bbox 183 3438 299 3510; x_wconf 65' lang='lat' dir='ltr'><strong><em>lenum</em></strong></span> <span class='ocrx_word' id='word_1_248' title='bbox 317 3454 355 3501; x_wconf 90' lang='lat' dir='ltr'><strong><em>ae</em></strong></span> <span class='ocrx_word' id='word_1_249' title='bbox 368 3438 475 3518; x_wconf 84' lang='lat' dir='ltr'><strong><em>polius</em></strong></span> <span class='ocrx_word' id='word_1_250' title='bbox 491 3455 601 3518; x_wconf 76' lang='lat' dir='ltr'><strong><em>aquea</em></strong></span> <span class='ocrx_word' id='word_1_251' title='bbox 619 3439 792 3521; x_wconf 75' lang='lat' dir='ltr'><strong><em>superficiei</em></strong></span> <span class='ocrx_word' id='word_1_252' title='bbox 808 3436 994 3509; x_wconf 85' lang='lat' dir='ltr'><strong><em>adsimilem,</em></strong></span> <span class='ocrx_word' id='word_1_253' title='bbox 1013 3455 1111 3517; x_wconf 77' lang='lat' dir='ltr'><strong><em>quam</em></strong></span> <span class='ocrx_word' id='word_1_254' title='bbox 1126 3436 1243 3503; x_wconf 85' lang='lat' dir='ltr'><strong><em>Terra.</em></strong></span> <span class='ocrx_word' id='word_1_255' title='bbox 1256 3434 1372 3500; x_wconf 82' lang='lat' dir='ltr'><strong><em>Obser-</em></strong></span> 
     </span>
     <span class='ocr_line' id='line_1_30' title="bbox 180 3545 1371 3630; baseline -0.004 -16"><span class='ocrx_word' id='word_1_256' title='bbox 180 3555 237 3614; x_wconf 81' lang='lat' dir='ltr'><strong><em>oat</em></strong></span> <span class='ocrx_word' id='word_1_257' title='bbox 252 3554 407 3629; x_wconf 69' lang='lat' dir='ltr'><strong><em>patarea</em></strong></span> <span class='ocrx_word' id='word_1_258' title='bbox 422 3550 460 3612; x_wconf 87' lang='lat' dir='ltr'><strong><em>io</em></strong></span> <span class='ocrx_word' id='word_1_259' title='bbox 476 3549 524 3612; x_wconf 79' lang='lat' dir='ltr'><strong><em>lis</em></strong></span> <span class='ocrx_word' id='word_1_260' title='bbox 541 3548 674 3613; x_wconf 88' lang='lat' dir='ltr'><strong><em>maculis</em></strong></span> <span class='ocrx_word' id='word_1_261' title='bbox 692 3547 814 3613; x_wconf 89' lang='lat' dir='ltr'><strong><em>areolas</em></strong></span> <span class='ocrx_word' id='word_1_262' title='bbox 840 3547 1010 3630; x_wconf 79' lang='lat' dir='ltr'><strong><em>quasdam,</em></strong></span> <span class='ocrx_word' id='word_1_263' title='bbox 1041 3565 1182 3629; x_wconf 77' lang='lat' dir='ltr'><strong><em>quarum</em></strong></span> <span class='ocrx_word' id='word_1_264' title='bbox 1210 3545 1371 3612; x_wconf 78' lang='lat' dir='ltr'><strong><em>marsalla</em></strong></span> 
     </span>
     <span class='ocr_line' id='line_1_31' title="bbox 180 3657 1371 3741; baseline -0.003 -16"><span class='ocrx_word' id='word_1_265' title='bbox 180 3665 260 3725; x_wconf 77' lang='lat' dir='ltr'><strong><em>suut</em></strong></span> <span class='ocrx_word' id='word_1_266' title='bbox 275 3657 486 3732; x_wconf 64' lang='lat' dir='ltr'><strong><em>clamere,</em></strong></span> <span class='ocrx_word' id='word_1_267' title='bbox 504 3677 576 3739; x_wconf 82' lang='lat' dir='ltr'><strong><em>pua</em></strong></span> <span class='ocrx_word' id='word_1_268' title='bbox 593 3661 652 3723; x_wconf 80' lang='lat' dir='ltr'><strong><em>oia</em></strong></span> <span class='ocrx_word' id='word_1_269' title='bbox 669 3676 786 3741; x_wconf 86' lang='lat' dir='ltr'><strong><em>parum</em></strong></span> <span class='ocrx_word' id='word_1_270' title='bbox 802 3661 931 3725; x_wconf 84' lang='lat' dir='ltr'><strong><em>uariata</em></strong></span> <span class='ocrx_word' id='word_1_271' title='bbox 948 3659 1117 3740; x_wconf 75' lang='lat' dir='ltr'><strong><em>opacitate,</em></strong></span> <span class='ocrx_word' id='word_1_272' title='bbox 1138 3666 1234 3739; x_wconf 90' lang='lat' dir='ltr'><strong><em>prout</em></strong></span> <span class='ocrx_word' id='word_1_273' title='bbox 1255 3659 1371 3722; x_wconf 90' lang='lat' dir='ltr'><strong><em>solares</em></strong></span> 
     </span>
     <span class='ocr_line' id='line_1_32' title="bbox 180 3767 1374 3852; baseline -0.001 -19"><span class='ocrx_word' id='word_1_274' title='bbox 180 3767 268 3833; x_wconf 83' lang='lat' dir='ltr'><strong><em>radii</em></strong></span> <span class='ocrx_word' id='word_1_275' title='bbox 295 3768 397 3848; x_wconf 81' lang='lat' dir='ltr'><strong><em>mapis</em></strong></span> <span class='ocrx_word' id='word_1_276' title='bbox 427 3767 476 3832; x_wconf 89' lang='lat' dir='ltr'><strong><em>oel</em></strong></span> <span class='ocrx_word' id='word_1_277' title='bbox 503 3771 611 3834; x_wconf 84' lang='lat' dir='ltr'><strong><em>miuus</em></strong></span> <span class='ocrx_word' id='word_1_278' title='bbox 645 3769 764 3852; x_wconf 79' lang='lat' dir='ltr'><strong><em>obliqui</em></strong></span> <span class='ocrx_word' id='word_1_279' title='bbox 785 3771 821 3833; x_wconf 88' lang='lat' dir='ltr'><strong><em>iu</em></strong></span> <span class='ocrx_word' id='word_1_280' title='bbox 849 3787 902 3834; x_wconf 95' lang='lat' dir='ltr'><strong><em>eas</em></strong></span> <span class='ocrx_word' id='word_1_281' title='bbox 920 3769 1083 3843; x_wconf 88' lang='lat' dir='ltr'><strong><em>iuciduut,</em></strong></span> <span class='ocrx_word' id='word_1_282' title='bbox 1101 3769 1236 3838; x_wconf 78' lang='lat' dir='ltr'><strong><em>cundem</em></strong></span> <span class='ocrx_word' id='word_1_283' title='bbox 1253 3786 1374 3851; x_wconf 86' lang='lat' dir='ltr'><strong><em>semper</em></strong></span> 
     </span>
     <span class='ocr_line' id='line_1_33' title="bbox 180 3875 1372 3959; baseline 0 -16"><span class='ocrx_word' id='word_1_284' title='bbox 180 3875 312 3958; x_wconf 79' lang='lat' dir='ltr'><strong><em>terium</em></strong></span> <span class='ocrx_word' id='word_1_285' title='bbox 331 3887 508 3959; x_wconf 66' lang='lat' dir='ltr'><strong><em>aspecturus</em></strong></span> <span class='ocrx_word' id='word_1_286' title='bbox 524 3878 687 3943; x_wconf 82' lang='lat' dir='ltr'><strong><em>uonuulla</em></strong></span> <span class='ocrx_word' id='word_1_287' title='bbox 704 3898 777 3944; x_wconf 89' lang='lat' dir='ltr'><strong><em>oero</em></strong></span> <span class='ocrx_word' id='word_1_288' title='bbox 794 3888 871 3944; x_wconf 85' lang='lat' dir='ltr'><strong><em>suut</em></strong></span> <span class='ocrx_word' id='word_1_289' title='bbox 889 3881 1050 3953; x_wconf 72' lang='lat' dir='ltr'><strong><em>alaricus,</em></strong></span> <span class='ocrx_word' id='word_1_290' title='bbox 1074 3881 1138 3943; x_wconf 85' lang='lat' dir='ltr'><strong><em>imo</em></strong></span> <span class='ocrx_word' id='word_1_291' title='bbox 1160 3879 1372 3954; x_wconf 83' lang='lat' dir='ltr'><strong><em>lucidissima,</em></strong></span> 
     </span>
     <span class='ocr_line' id='line_1_34' title="bbox 182 3987 1376 4075; baseline 0.002 -23"><span class='ocrx_word' id='word_1_292' title='bbox 182 4004 325 4068; x_wconf 72' lang='lat' dir='ltr'><strong><em>quarum</em></strong></span> <span class='ocrx_word' id='word_1_293' title='bbox 336 3987 462 4070; x_wconf 84' lang='lat' dir='ltr'><strong><em>pariter</em></strong></span> <span class='ocrx_word' id='word_1_294' title='bbox 480 4007 601 4071; x_wconf 87' lang='lat' dir='ltr'><strong><em>semper</em></strong></span> <span class='ocrx_word' id='word_1_295' title='bbox 618 3989 700 4053; x_wconf 87' lang='lat' dir='ltr'><strong><em>idem</em></strong></span> <span class='ocrx_word' id='word_1_296' title='bbox 722 4008 760 4054; x_wconf 91' lang='lat' dir='ltr'><strong><em>ae</em></strong></span> <span class='ocrx_word' id='word_1_297' title='bbox 783 3991 953 4072; x_wconf 71' lang='lat' dir='ltr'><strong><em>uuitormic</em></strong></span> <span class='ocrx_word' id='word_1_298' title='bbox 969 3997 1014 4054; x_wconf 89' lang='lat' dir='ltr'><strong><em>est</em></strong></span> <span class='ocrx_word' id='word_1_299' title='bbox 1024 3999 1182 4072; x_wconf 86' lang='lat' dir='ltr'><strong><em>aspectus,</em></strong></span> <span class='ocrx_word' id='word_1_300' title='bbox 1193 3989 1282 4056; x_wconf 87' lang='lat' dir='ltr'><strong><em>uulla</em></strong></span> <span class='ocrx_word' id='word_1_301' title='bbox 1291 3993 1376 4075; x_wconf 67' lang='lat' dir='ltr'><strong><em>ripa</em></strong></span> 
     </span>
     <span class='ocr_line' id='line_1_35' title="bbox 181 4101 1375 4183; baseline 0.002 -21"><span class='ocrx_word' id='word_1_302' title='bbox 181 4114 310 4173; x_wconf 83' lang='lat' dir='ltr'><strong><em>rarum,</em></strong></span> <span class='ocrx_word' id='word_1_303' title='bbox 328 4107 388 4164; x_wconf 86' lang='lat' dir='ltr'><strong><em>aut</em></strong></span> <span class='ocrx_word' id='word_1_304' title='bbox 406 4101 572 4182; x_wconf 90' lang='lat' dir='ltr'><strong><em>opacitatis</em></strong></span> <span class='ocrx_word' id='word_1_305' title='bbox 584 4109 643 4165; x_wconf 92' lang='lat' dir='ltr'><strong><em>aut</em></strong></span> <span class='ocrx_word' id='word_1_306' title='bbox 661 4101 740 4164; x_wconf 92' lang='lat' dir='ltr'><strong><em>lueis</em></strong></span> <span class='ocrx_word' id='word_1_307' title='bbox 762 4101 851 4181; x_wconf 74' lang='lat' dir='ltr'><strong><em>facta</em></strong></span> <span class='ocrx_word' id='word_1_308' title='bbox 872 4101 1040 4174; x_wconf 77' lang='lat' dir='ltr'><strong><em>uarietate5</em></strong></span> <span class='ocrx_word' id='word_1_309' title='bbox 1068 4120 1151 4183; x_wconf 79' lang='lat' dir='ltr'><strong><em>pace.</em></strong></span> <span class='ocrx_word' id='word_1_310' title='bbox 1167 4103 1375 4166; x_wconf 86' lang='lat' dir='ltr'><strong><em>certissimum</em></strong></span> 
     </span>
     <span class='ocr_line' id='line_1_36' title="bbox 185 4207 1376 4296; baseline -0.001 -23"><span class='ocrx_word' id='word_1_311' title='bbox 185 4207 328 4289; x_wconf 69' lang='lat' dir='ltr'><strong><em>praem</em></strong></span> <span class='ocrx_word' id='word_1_312' title='bbox 344 4210 513 4288; x_wconf 81' lang='lat' dir='ltr'><strong><em>iuditium,</em></strong></span> <span class='ocrx_word' id='word_1_313' title='bbox 531 4211 616 4294; x_wconf 77' lang='lat' dir='ltr'><strong><em>quod</em></strong></span> <span class='ocrx_word' id='word_1_314' title='bbox 633 4213 808 4296; x_wconf 68' lang='lat' dir='ltr'><strong><em>superficies</em></strong></span> <span class='ocrx_word' id='word_1_315' title='bbox 828 4212 943 4276; x_wconf 79' lang='lat' dir='ltr'><strong><em>irarum</em></strong></span> <span class='ocrx_word' id='word_1_316' title='bbox 960 4213 1160 4277; x_wconf 73' lang='lat' dir='ltr'><strong><em>maculuum</em></strong></span> <span class='ocrx_word' id='word_1_317' title='bbox 1177 4215 1218 4278; x_wconf 89' lang='lat' dir='ltr'><strong><em>sit</em></strong></span> <span class='ocrx_word' id='word_1_318' title='bbox 1237 4213 1329 4286; x_wconf 86' lang='lat' dir='ltr'><strong><em>leuis,</em></strong></span> <span class='ocrx_word' id='word_1_319' title='bbox 1347 4219 1376 4273; x_wconf 90' lang='lat' dir='ltr'><strong><em>et</em></strong></span> 
     </span>
     <span class='ocr_line' id='line_1_37' title="bbox 189 4322 1376 4406; baseline 0.001 -24"><span class='ocrx_word' id='word_1_320' title='bbox 189 4336 257 4382; x_wconf 81' lang='lat' dir='ltr'><strong><em>esau</em></strong></span> <span class='ocrx_word' id='word_1_321' title='bbox 279 4338 407 4402; x_wconf 91' lang='lat' dir='ltr'><strong><em>aspera,</em></strong></span> <span class='ocrx_word' id='word_1_322' title='bbox 437 4341 511 4386; x_wconf 89' lang='lat' dir='ltr'><strong><em>cum</em></strong></span> <span class='ocrx_word' id='word_1_323' title='bbox 533 4325 669 4388; x_wconf 86' lang='lat' dir='ltr'><strong><em>uarietas</em></strong></span> <span class='ocrx_word' id='word_1_324' title='bbox 692 4322 871 4388; x_wconf 86' lang='lat' dir='ltr'><strong><em>areolarum</em></strong></span> <span class='ocrx_word' id='word_1_325' title='bbox 890 4341 954 4388; x_wconf 87' lang='lat' dir='ltr'><strong><em>uou</em></strong></span> <span class='ocrx_word' id='word_1_326' title='bbox 971 4325 1196 4406; x_wconf 78' lang='lat' dir='ltr'><strong><em>conspiciatur,</em></strong></span> <span class='ocrx_word' id='word_1_327' title='bbox 1214 4342 1284 4405; x_wconf 83' lang='lat' dir='ltr'><strong><em>qua</em></strong></span> <span class='ocrx_word' id='word_1_328' title='bbox 1299 4337 1376 4403; x_wconf 93' lang='lat' dir='ltr'><strong><em>pro-</em></strong></span> 
     </span>
     <span class='ocr_line' id='line_1_38' title="bbox 188 4429 1377 4518; baseline -0.004 -24"><span class='ocrx_word' id='word_1_329' title='bbox 188 4429 275 4510; x_wconf 72' lang='lat' dir='ltr'><strong><em>[ecto</em></strong></span> <span class='ocrx_word' id='word_1_330' title='bbox 290 4434 538 4516; x_wconf 73' lang='lat' dir='ltr'><strong><em>conspiceretur,</em></strong></span> <span class='ocrx_word' id='word_1_331' title='bbox 555 4437 583 4498; x_wconf 89' lang='lat' dir='ltr'><strong><em>si</em></strong></span> <span class='ocrx_word' id='word_1_332' title='bbox 601 4436 775 4518; x_wconf 70' lang='lat' dir='ltr'><strong><em>superficies</em></strong></span> <span class='ocrx_word' id='word_1_333' title='bbox 793 4443 870 4501; x_wconf 88' lang='lat' dir='ltr'><strong><em>esset</em></strong></span> <span class='ocrx_word' id='word_1_334' title='bbox 888 4451 1001 4516; x_wconf 90' lang='lat' dir='ltr'><strong><em>aspera</em></strong></span> <span class='ocrx_word' id='word_1_335' title='bbox 1019 4453 1060 4499; x_wconf 83' lang='lat' dir='ltr'><strong><em>cc</em></strong></span> <span class='ocrx_word' id='word_1_336' title='bbox 1078 4435 1177 4502; x_wconf 84' lang='lat' dir='ltr'><strong><em>uariis</em></strong></span> <span class='ocrx_word' id='word_1_337' title='bbox 1200 4433 1281 4498; x_wconf 85' lang='lat' dir='ltr'><strong><em>Solis</em></strong></span> <span class='ocrx_word' id='word_1_338' title='bbox 1302 4429 1377 4492; x_wconf 87' lang='lat' dir='ltr'><strong><em>iltu-</em></strong></span> 
     </span>
    </p>
   </div>
   <div class='ocr_carea' id='block_1_3' title="bbox 0 0 1557 5154">
    <p class='ocr_par' dir='ltr' id='par_1_3' title="bbox 0 0 1557 5154">
     <span class='ocr_line' id='line_1_39' title="bbox 0 0 1557 5154; baseline 0 0"><span class='ocrx_word' id='word_1_339' title='bbox 0 0 1557 5154; x_wconf 95' lang='lat' dir='ltr'><strong><em> </em></strong></span> 
     </span>
    </p>
   </div>
  </div>
 </body>
</html>
