3096 5154
187 249 228 312 ee
586 259 817 307 ssrncscrucus
840 258 968 305 renerus

183 416 358 467 nemorum
374 396 512 476 quilibet
526 397 718 479 appellavit,
732 396 835 479 digito
849 397 1084 469 demonstrare,
1095 390 1280 476 longeque
1292 395 1397 460 aliam

184 529 269 581 esse,
293 523 393 586 quarn
412 505 574 572 creditum
594 508 752 572 hactenus
771 513 834 582 est,
859 506 1047 589 jucundum
1069 505 1149 581 erit,
1176 509 1296 588 atque
1319 528 1396 590 per·

181 617 368 701 pulchrum,

271 727 404 801 Verum,
418 730 506 808 quod
521 738 652 794 emnem
671 729 924 793 admirationem
939 729 1037 809 louge
1055 730 1203 807 superat,
1224 730 1395 811 quodque

182 837 367 901 admonitos
386 838 551 903 iaciendos
569 846 707 904 cunctos
729 839 946 902 astronomos
966 843 1065 919 atque
1079 835 1317 918 Philosophos
1331 858 1394 905 nos

182 949 329 1029 apprime
342 949 486 1029 impulit,
499 950 580 1014 illud
592 957 652 1025 est,
663 949 750 1030 quod
763 949 891 1012 scilicet
904 956 1049 1028 quatuor
1062 946 1231 1011 erraticas
1249 948 1388 1023 Stellas,

181 1058 305 1121 nemini
320 1077 450 1134 eorum,
466 1061 523 1140 qui
540 1066 615 1124 ante
631 1077 691 1122 nes
707 1056 760 1146 (*),
774 1059 925 1140 cognitas
940 1064 998 1123 aut
1013 1059 1218 1134 observatas,
1238 1061 1390 1126 adinve-

181 1171 305 1242 nimus,
323 1187 397 1251 quce
417 1171 505 1233 cirea
526 1170 663 1235 Stellam
682 1170 860 1250 quamdam
876 1169 1039 1249 insignem
1058 1184 1243 1233 enumero
1264 1172 1391 1253 cogni·

182 1285 309 1353 tarum,
329 1280 433 1344 instar
451 1280 588 1344 Veneris
610 1287 708 1361 atque
734 1279 891 1343 Mercurii
906 1280 996 1343 cirea
1012 1278 1137 1350 Solem,
1154 1294 1239 1343 suas
1256 1281 1388 1347 habeut

179 1390 345 1473 periodos,
361 1409 498 1473 eamque
513 1391 613 1454 modo
627 1396 791 1473 praeeunt,
808 1389 906 1454 modo
921 1391 1179 1470 subsequuntur,
1196 1406 1386 1473 uunquam

180 1509 275 1568 extra
292 1508 398 1568 certos
417 1504 538 1568 limites
560 1504 601 1566 ab
624 1503 682 1566 illa
712 1502 942 1583 digredientes.
967 1499 1050 1577 Quae
1068 1499 1183 1564 omniu
1207 1517 1279 1583 ope
1306 1503 1391 1569 Pcr-

179 1616 297 1698 spicilli
314 1634 335 1679 a
353 1634 407 1679 me
425 1615 620 1696 excogitati,
640 1613 753 1678 divina
772 1613 865 1695 prius
882 1613 1091 1678 illuminante
1109 1611 1240 1693 gratia,
1262 1618 1389 1696 paucis

181 1729 300 1792 abhinc
320 1726 436 1789 diebus
454 1731 582 1805 reperta
602 1732 701 1806 atque
718 1726 894 1788 observata
913 1723 1059 1787 luerunt.

267 1836 342 1897 Alia
365 1835 448 1897 sorte
470 1836 716 1914 praestantiora,
745 1837 799 1898 vel
829 1852 850 1898 a
879 1852 947 1909 me,
977 1834 1031 1898 vel
1050 1834 1092 1898 ab
1110 1832 1206 1908 aliis,
1242 1837 1280 1900 in
1315 1840 1391 1905 dics

181 1944 436 2008 adinvenientur
465 1944 647 2006 consimilis
666 1942 790 2026 Organi
812 1945 989 2018 beneflcio,
1022 1944 1120 2025 culus
1151 1944 1310 2013 formam
1354 1958 1389 2016 et

180 2060 389 2136 apparatum,
402 2071 540 2117 necnon
552 2054 862 2136 illiusexcogitandi
881 2055 1099 2130 occasionem,
1115 2053 1206 2136 prius
1223 2057 1390 2127 breviter

178 2165 459 2241 commemorabo,
475 2164 592 2229 deinde
607 2165 795 2229 habitarum
811 2182 830 2229 a
845 2182 899 2229 rue
914 2166 1184 2230 observationum
1194 2164 1387 2237 historiam

180 2279 365 2342 recensebo.

267 2387 438 2457 Mensihus
455 2392 576 2456 abhinc
594 2391 707 2456 decem
727 2387 774 2477 (1)
794 2392 872 2466 sere,
902 2408 1017 2456 rumor
1036 2390 1079 2453 ad
1107 2404 1205 2453 aures
1234 2398 1388 2459 nostras

180 2503 357 2583 increpuit,
376 2503 477 2567 tuisse
495 2521 516 2566 a
533 2504 678 2582 quodam
695 2503 796 2579 Belga
822 2501 1051 2581 Perspicillum
1079 2499 1297 2568 elaboratum
1319 2502 1386 2594 (2),

178 2612 274 2691 cujus
290 2611 453 2673 beneficio
471 2611 599 2690 objecta
613 2610 774 2682 visibilia,
789 2611 866 2672 licet
881 2610 923 2671 ab
937 2610 1036 2673 oculo
1050 2611 1259 2692 inspicientis
1275 2614 1388 2700 longe

179 2718 305 2791 dissita,
319 2717 424 2781 veluti
438 2718 622 2799 propinqua
637 2718 790 2782 distincte
804 2720 1038 2794 cernebantur;
1052 2738 1091 2783 ae
1106 2719 1207 2802 huius
1220 2726 1386 2802 protecto

178 2828 383 2895 admirabilis
413 2827 547 2892 effectus
574 2829 744 2892 nonnullae
773 2831 985 2912 experientiae
1017 2830 1384 2913 circumferebantur,

175 2943 295 3025 quibus
313 2940 412 3005 tidem
434 2941 492 3005 alii
521 2942 723 3022 praebebant,
753 2943 918 3024 negabant
947 2943 1015 3006 alii.
1038 2942 1128 3006 Idem
1146 2960 1274 3024 paucos
1300 2955 1383 3030 post

176 3055 246 3118 dies
265 3055 348 3116 mihi
365 3071 424 3134 per
442 3053 553 3116 literas
571 3071 591 3115 a
609 3053 712 3116 nobili
732 3049 828 3116 Gallo
844 3054 968 3117 laccho
987 3052 1156 3117 Badovere
1175 3069 1217 3115 ex
1233 3052 1382 3126 Lutetia

178 3164 413 3227 confirmatum
433 3171 496 3239 est,
513 3167 601 3247 quod
620 3167 752 3230 taudem
773 3168 806 3230 in
825 3185 926 3231 causa
949 3166 1013 3231 tuit
1033 3171 1071 3230 ut
1092 3164 1139 3252 (3)
1159 3166 1202 3229 ad
1219 3171 1385 3241 rationes

178 3274 405 3355 inquirendas,
424 3292 550 3342 necnon
570 3279 679 3343 media
698 3279 934 3360 excogitanda,
953 3296 1011 3359 per
1029 3296 1102 3359 quse
1123 3280 1165 3342 ad
1182 3280 1384 3352 consimilis

177 3385 302 3467 Organi
321 3386 544 3452 inventionem
567 3391 772 3464 devenirem,
794 3410 847 3453 me
870 3395 977 3454 totum
1000 3396 1242 3463 converterem
1262 3409 1380 3472 quam

176 3496 291 3578 paullo
310 3504 383 3577 post
408 3493 454 3584 (l)
482 3500 641 3564 doctrinae
661 3501 700 3564 de
724 3501 978 3565 retractionibus
1008 3501 1142 3566 innixus
1166 3512 1381 3582 assequutus

178 3625 265 3673 sum:
285 3626 324 3672 ac
342 3610 459 3675 tubum
477 3611 585 3692 primo
602 3612 794 3692 plumbeum
812 3613 894 3675 mihi
916 3614 1047 3694 paravi,
1072 3615 1107 3676 in
1130 3615 1227 3696 cujus
1249 3620 1381 3683 extre-

175 3721 346 3787 mitatibus
368 3723 476 3785 vitrea
506 3722 710 3804 Perspicilla,
742 3723 838 3787 ambo
869 3743 911 3787 ex
940 3725 1044 3789 altera
1066 3728 1159 3806 parte
1182 3725 1298 3807 plana,
1323 3747 1377 3796 ex

247 3955 276 4015 t‘)
293 3957 330 4004 lta
347 3956 417 4005 MSS.
434 3963 459 4006 et
475 3960 598 4008 editiones
614 3974 715 4015 omnes,
732 3974 888 4023 quamquam
905 3959 1035 4008 sententiae
1051 3956 1217 4021 perspicuitas
1246 3956 1377 4017 fremunt,

173 4026 213 4077 vel
230 4030 312 4077 similo
329 4033 452 4089 serburn,
469 4040 525 4095 post
541 4050 587 4082 reos
603 4036 745 4086 desiderare
763 4038 888 4085 videatur.
1132 4033 1200 4081 Adit·
1218 4032 1292 4079 Edit·

247 4108 277 4159 n)
297 4104 357 4155 Octo
374 4108 427 4156 tls.
446 4110 467 4155 l.

246 4183 279 4237 (to
297 4182 335 4228 Ae
354 4184 447 4231 Cornitt
464 4185 590 4233 stem-uto
606 4185 671 4233 clorio
687 4188 775 4235 clutton
795 4187 850 4234 MS.
868 4186 889 4234 l.

247 4265 277 4317 (a)
296 4259 331 4306 lle
349 4261 456 4308 revitate
468 4263 639 4311 corrclnsicnis
651 4265 747 4311 certior
758 4265 795 4310 ito
805 4265 899 4324 scretcs,
911 4265 1015 4330 viresqne
1025 4263 1231 4329 pulchritudinis
1242 4265 1372 4326 capiatne

172 4343 262 4400 raerptrcv
280 4335 332 4384 lli.
352 4336 372 4384 l.

246 4416 277 4475 <c
296 4414 389 4464 serm
408 4412 459 4462 us.
479 4414 499 4461 ι.
930 4400 957 4465 0
