3304 5282
340 401 405 472 336
713 411 814 460 tuctus
837 411 943 460 cassu
966 413 1005 458 cs
1029 411 1129 458 ottus

341 559 441 626 adduc
464 555 640 634 prmtauet,
658 556 687 612 et
705 567 761 630 per
777 546 904 629 aliquod
925 563 990 610 non
1012 545 1163 626 eoiquum
1191 545 1336 626 temporis
1358 545 1519 624 spatium,

340 671 408 732 sine
425 659 566 726 incendio
583 658 753 733 dordone,
769 657 914 721 collucet?
928 655 1114 722 Mirandum
1127 663 1209 718 certe
1224 655 1329 720 metro
1346 663 1394 718 est
1412 656 1521 718 omni·

343 777 397 840 lus
415 775 470 836 ltoo
487 777 658 836 ostentum:
678 770 822 850 quamuis
841 769 926 831 euim
953 764 1053 830 mula
1074 765 1169 828 etiarn
1185 765 1264 838 siut,
1282 781 1355 844 qua
1373 765 1412 826 in
1430 775 1521 828 tene-

342 883 414 954 bris,
425 879 656 944 nulloadmisso
673 878 798 950 lumine,
811 877 887 943 adeo
902 875 1014 946 lucent.
1030 882 1066 937 ut
1077 891 1140 938 non
1151 873 1240 938 modo
1256 875 1326 954 ipsa
1345 877 1521 954 conspicua

340 991 418 1062 sint,
440 1007 551 1054 oerum
579 990 674 1052 etiam
700 990 912 1071 propinquum
932 1003 1036 1050 aerem
1053 984 1210 1048 illustrent
1230 982 1520 1067 (quemadmodum

338 1099 448 1180 aliqua
463 1099 677 1180 putrescentia
696 1097 796 1178 liqna,
813 1113 998 1178 squamma,
1016 1110 1086 1159 osso
1103 1102 1132 1156 et
1152 1095 1258 1175 capita
1276 1095 1425 1175 qucum,
1442 1095 1519 1178 [elis

338 1208 434 1282 oculi,
450 1207 605 1274 cicindela
622 1215 730 1271 neuter
746 1207 873 1290 infimus
887 1213 917 1268 et
931 1204 997 1269 alio
1014 1203 1206 1284 huiusmodi.
1222 1223 1294 1286 qua
1310 1223 1426 1286 maqua
1440 1225 1517 1271 curn

339 1318 546 1384 admiratione
561 1313 834 1398 amputentur),-
844 1322 959 1386 tameu,
970 1332 1039 1394 pra
1054 1318 1175 1386 ceteris.
1188 1315 1222 1378 lsi
1233 1313 1330 1395 lapilli
1339 1317 1518 1378 maairnam

339 1427 558 1492 admirationis
580 1442 618 1489 ac
646 1423 849 1488 dubitationis
871 1441 976 1488 secum
997 1424 1136 1507 afferunt
1158 1425 1367 1499 occasionem:
1383 1443 1519 1508 cunque

340 1537 491 1600 etlumen
513 1537 601 1600 intus
624 1535 813 1614 concipiant,
833 1535 960 1598 minime
983 1534 1133 1616 diapltani
1148 1534 1201 1597 sed
1223 1537 1313 1616 opaci
1330 1538 1519 1610 eaistentes,

339 1646 423 1728 quod
432 1647 593 1726 lucusque
602 1643 768 1724 diapltauis
784 1651 908 1706 tantum
922 1645 1087 1708 conuenire
1101 1661 1196 1708 usum
1208 1644 1289 1726 suit,-
1303 1651 1332 1706 et
1345 1645 1520 1716 retineant,

340 1756 424 1838 quod
441 1773 542 1838 neque
558 1753 738 1835 diaplanis,
768 1771 869 1834 neque
898 1755 1001 1834 opacis
1031 1753 1307 1818 inportunitate
1334 1755 1519 1835 quostionis

339 1867 532 1932 occasiotum
548 1883 620 1930 cum
632 1864 842 1946 proposuisset
861 1861 901 1928 D.
923 1861 1074 1936 aarum,
1093 1881 1162 1944 eqo,
1186 1865 1233 1927 rei
1255 1866 1393 1928 novitate
1423 1873 1520 1945 atquc

340 1975 517 2057 difficultate
534 1974 659 2054 quasiti
677 1975 833 2036 recitatus
847 1973 890 2036 od
903 1973 1142 2054 inquirendum,
1153 1991 1214 2055 pro
1227 1974 1319 2038 insito
1336 1976 1417 2038 miti
1432 1991 1520 2037 sern-

335 2102 395 2164 per
423 2081 602 2146 addiscendi
630 2083 783 2156 cacoetlc,
799 2083 955 2164 pollicitus
985 2101 1055 2148 sum
1076 2103 1124 2148 me
1146 2084 1257 2167 aliqua
1273 2085 1307 2148 iu
1321 2087 1519 2167 propositam

340 2191 542 2272 quaetionem
569 2191 777 2272 scripturum,
807 2201 843 2256 ut
870 2201 900 2256 et
924 2192 1123 2274 problematis
1153 2211 1252 2258 causa
1273 2196 1465 2277 aperiretur,
1489 2205 1520 2258 et

339 2301 548 2383 peripatetico
561 2299 774 2384 pltilosopliu,
792 2320 889 2384 qaam
902 2306 1062 2387 profiteor,
1082 2312 1228 2368 constans
1247 2305 1331 2368 ratio
1351 2304 1521 2369 roborare·

342 2421 406 2476 tur.
421 2410 616 2494 Proponitur
629 2421 736 2478 oedem
754 2412 975 2496 dumnandum
992 2421 1087 2493 atque
1105 2415 1331 2496 inquirendam
1343 2413 1520 2496 problema.-

340 2525 370 2588 si
386 2522 492 2588 luutett
509 2541 573 2588 non
589 2523 775 2606 producitur
789 2525 825 2588 iu
843 2523 1014 2606 diaplano,
1029 2525 1094 2588 niti
1108 2523 1146 2588 olt
1163 2526 1367 2606 praeentiam
1383 2527 1520 2606 corporis

341 2633 450 2708 lucidi,
468 2634 515 2698 ila
532 2643 583 2708 ut,
597 2652 633 2698 eo
651 2635 747 2698 etiam
763 2633 934 2707 recedente.
952 2634 1121 2716 auferatur
1136 2633 1151 2717 (
1160 2643 1196 2698 ut
1214 2631 1399 2700 Aristoteles
1416 2635 1521 2698 docuit

340 2743 476 2810 secundo
494 2743 530 2806 de
548 2744 672 2816 anima,
692 2743 785 2824 capit.
803 2741 837 2814 7,
851 2751 936 2823 port.
955 2742 1008 2816 69,
1027 2743 1082 2808 ulli
1096 2745 1214 2826 inquit,
1231 2746 1338 2809 lutntn
1355 2761 1418 2808 esse
1431 2763 1522 2826 pra·

340 2855 475 2918 sentiam
502 2853 601 2933 ionis,
623 2861 681 2916 aut
707 2852 844 2932 alicujus
866 2853 1058 2933 huiusmodi,
1079 2856 1134 2919 ltoc
1152 2863 1197 2920 est
1215 2854 1311 2920 lucidi
1328 2855 1464 2936 corporis
1482 2856 1520 2918 in

338 2963 573 3046 perspicuant
600 2962 796 3044 experientia
824 2963 893 3043 ipsa
919 2971 1053 3030 testatur
1054 2963 1087 3049 );
1104 2982 1162 3030 cur
1184 2983 1260 3030 nam
1277 2967 1314 3030 in
1332 2967 1385 3030 ltoc
1404 2963 1521 3046 lapide,

342 3092 438 3158 opaco
455 3081 484 3137 et
502 3090 568 3138 non
585 3071 743 3154 diapltauo
761 3066 814 3155 (in
842 3072 954 3136 cortice
983 3075 1067 3140 enim
1085 3083 1114 3140 st
1132 3083 1221 3157 parte
1242 3077 1344 3156 maqis
1373 3089 1473 3156 opaca
1492 3079 1520 3136 et

342 3187 442 3268 maqis
461 3200 574 3268 aspera
592 3180 702 3264 lapidis
717 3181 774 3248 ltoo
791 3183 839 3265 pt,
854 3189 891 3246 ut
905 3182 1078 3248 nectimur
1093 3185 1183 3267 inira
1200 3186 1237 3248 in
1254 3185 1322 3266 eju
1340 3183 1522 3265 descriptio-

344 3294 416 3378 ne),
432 3295 538 3360 lumen
554 3293 720 3374 recipitur,
739 3299 769 3356 et
786 3309 851 3356 uon
868 3291 958 3358 modo
975 3295 1140 3375 recipitur,
1155 3311 1265 3358 oerum
1284 3295 1381 3358 etiam
1397 3309 1522 3358 conut-

343 3409 440 3466 oatur
457 3411 485 3464 et
500 3411 676 3482 perinanet,
697 3420 899 3486 nequaquam
923 3413 1075 3486 prasente
1098 3401 1232 3488 amplius
1263 3405 1364 3470 lucido
1384 3421 1520 3486 corpure,

343 3509 398 3576 sed
425 3510 493 3592 eius
521 3512 641 3576 actione
668 3529 798 3594 prorstu
827 3513 1017 3596 intercepta?
1043 3515 1158 3580 clausis
1186 3517 1269 3581 euim
1300 3515 1520 3596 penestrinae

345 3617 431 3684 nullo
459 3621 654 3686 eutrtmecus
671 3621 808 3686 admitto
830 3621 962 3698 lumine,
979 3624 1088 3707 iulqet.
1110 3623 1210 3707 cnjus
1232 3627 1394 3692 occasione
1412 3623 1521 3705 aliqua

345 3729 439 3794 etiarn
456 3729 592 3796 dicemur
610 3731 646 3796 de
664 3732 717 3804 iis,
735 3747 806 3811 qua
824 3739 920 3794 noctu
938 3740 966 3795 et
985 3735 1020 3798 in
1038 3735 1171 3802 tenebris
1195 3735 1314 3810 lucem.
1334 3753 1408 3801 cum
1425 3733 1472 3800 dic
1493 3740 1522 3798 et

346 3841 381 3904 in
399 3838 515 3904 lumine
533 3841 653 3908 nulum
671 3838 781 3904 ltalere
801 3838 900 3904 lucem
920 3841 1096 3911 uideantur.
