3304 5282
319 399 386 465 rto
707 411 808 464 socrus
830 385 934 464 cosm
956 411 996 462 nn
1018 408 1116 462 essm

321 553 417 614 icone
436 565 499 613 esse
517 567 555 612 oc
573 551 733 634 infinitum
753 547 817 638 (t).·
835 551 1065 634 poodprimnm
1075 547 1190 632 [otsom
1201 561 1265 610 esse
1276 537 1505 640 etimpossidiic

320 662 426 724 omitto
444 661 491 723 nis
514 660 689 724 notionibus
712 661 938 736 demonstrare,
953 660 1067 744 qnibm
1081 657 1259 724 Aristoteles
1269 659 1370 722 ntitnr
1380 665 1504 740 coorto

321 770 541 851 Ptpsioornm,
562 789 603 834 es
623 769 748 836 lotionis
766 779 885 836 notsno
902 779 995 853 otone
1010 772 1189 835 necessitate
1196 769 1315 851 petitis:
1326 769 1401 830 totis
1413 769 1505 830 onim

316 879 443 960 protioo
451 881 546 962 soret,
558 897 595 944 oc
604 883 681 945 sotis
693 898 714 946 o
725 899 814 964 scopo
826 883 989 964 dicpntcns
1001 889 1139 964 coporos.
1155 880 1218 946 Sed
1232 899 1272 945 co
1283 881 1421 962 ipsismet
1436 889 1506 945 ter·

319 991 427 1062 minis,
440 989 666 1073 implicanticm
673 991 722 1077 (nt
733 995 779 1057 ito
790 993 905 1078 dicom)
911 993 1164 1075 impossibilitatis
1174 1007 1211 1056 oc
1223 989 1505 1056 contradictionem

319 1099 558 1174 continentibus,
568 1103 603 1184 fit
616 1103 835 1184 menifestum,-
849 1121 921 1167 enm
939 1105 1023 1168 mim
1040 1102 1169 1175 dicitnr,
1188 1103 1327 1183 spotiom
1343 1101 1400 1166 icc
1416 1099 1504 1182 qood

319 1210 475 1273 cernimns
493 1212 655 1294 infinitnm
673 1229 751 1285 esse,
769 1221 799 1275 et
822 1211 962 1276 Voenmn
979 1212 1063 1285 dori,
1078 1211 1280 1294 impossibilia
1295 1217 1500 1284 ossnnntnrs

315 1321 455 1399 primssm
473 1319 586 1384 scilicet
604 1323 690 1386 cerni
710 1321 862 1396 Voonnm,
873 1322 958 1403 qnod
973 1321 1138 1404 manifeste
1149 1319 1403 1402 ostimpossitite‚
1415 1319 1501 1402 qnod

317 1429 402 1492 enim
413 1428 547 1493 mniiest
564 1449 629 1496 non
645 1433 799 1505 cernitur,
812 1449 911 1513 neone
920 1431 1028 1512 otipno
1037 1429 1100 1496 otio
1110 1448 1219 1504 senso,
1232 1427 1502 1494 necetiomintet-

319 1537 398 1603 tectn
407 1540 694 1620 comprehenditur:
705 1549 739 1606 ot
754 1541 894 1605 Vcomnn
906 1540 986 1605 nitn't
995 1549 1056 1613 ests
1069 1539 1210 1604 Voconm
1220 1541 1305 1603 enim
1314 1537 1387 1602 dicit
1397 1555 1500 1620 nepo-

319 1649 433 1713 tionem
445 1649 544 1730 pieni,
564 1669 636 1732 erpo
652 1651 791 1715 Vocnnm
808 1653 896 1715 cerni
912 1659 959 1714 est
976 1649 1172 1732 impossibile.
1187 1648 1332 1714 Alterum
1345 1655 1403 1721 est,
1413 1646 1499 1730 qnod

317 1759 433 1824 dicitnr
452 1759 590 1825 Voconm
604 1779 667 1825 esse
686 1769 715 1825 et
731 1761 905 1844 infinitum:
922 1759 1005 1841 qnod
1017 1761 1140 1842 poriter
1157 1767 1203 1824 est
1220 1755 1423 1840 impossibile:
1441 1765 1500 1821 ont

318 1871 402 1932 enim
426 1869 569 1935 Vacunm
593 1887 725 1951 prorsus
756 1869 837 1934 ninii
857 1877 917 1944 ost:
935 1861 993 1933 ont
1009 1871 1037 1933 si
1055 1877 1114 1943 est,
1133 1870 1193 1934 erit
1210 1871 1347 1951 spotinm
1364 1876 1394 1932 st
1412 1869 1498 1932 ocos

318 1995 429 2042 eorcns
448 1996 588 2060 corpore:
606 1987 640 2042 ot
657 1979 712 2042 ndi
731 1979 814 2044 tocns
832 1987 890 2054 cst,
909 1999 974 2044 non
988 1988 1034 2044 est
1048 1981 1221 2064 infinitrmn
1233 1978 1497 2043 toonsenimmn-

319 2088 421 2150 tinem
444 2096 489 2149 est
511 2096 540 2150 et
565 2089 755 2152 terminans:
773 2107 845 2171 erpo
863 2090 963 2154 dicere
986 2087 1138 2162 Vocnnm,
1157 2095 1186 2152 et
1204 2088 1303 2152 dicere
1319 2087 1494 2172 infinitum,

319 2204 364 2260 cst
380 2213 513 2276 prorsus
532 2197 632 2260 dicere
649 2199 863 2280 impossibilia,
882 2217 920 2264 oc
937 2198 997 2262 stoi
1014 2199 1147 2264 invicem
1165 2191 1348 2280 pnpnontio
1367 2215 1407 2262 en
1425 2196 1497 2261 dio-

318 2313 426 2370 metro.
454 2302 512 2369 Ec
534 2305 647 2388 quitos
666 2316 777 2373 contro
799 2311 881 2374 tone
899 2309 1086 2392 positionem
1106 2309 1153 2372 ito
1170 2309 1334 2390 orpnossi
1357 2305 1500 2372 Voconm

320 2417 375 2478 noc
393 2415 501 2491 dotus,
520 2425 578 2481 ont
594 2425 639 2482 est
657 2417 745 2483 nodis
764 2428 887 2492 norom,
906 2425 964 2482 ont
980 2419 1139 2499 ipnotnms
1154 2419 1183 2481 si
1200 2415 1289 2480 nodis
1307 2423 1353 2480 est
1371 2421 1498 2487 mom,

320 2528 406 2593 nntto
422 2529 487 2594 ctio
504 2532 558 2596 cio
572 2538 752 2612 potestesse
769 2539 893 2604 notum,
912 2547 1009 2612 onom
1026 2545 1085 2611 per
1105 2528 1368 2610 comporotioncm
1389 2525 1433 2589 od
1454 2523 1500 2588 io-

320 2657 391 2704 cnm
420 2640 572 2714 notitam,
602 2657 723 2722 nempe,
747 2640 842 2722 qnod,
861 2640 945 2704 oetnt
962 2657 1004 2704 esc
1016 2639 1157 2718 potentio
1174 2637 1311 2718 corporis
1328 2637 1365 2699 in
1383 2636 1446 2698 ioco
1461 2637 1500 2718 pit

321 2747 469 2822 Piennm,
488 2750 534 2812 ito
552 2767 592 2812 eo
610 2747 753 2812 cosentio
769 2749 907 2829 corporis
925 2765 946 2810 o
964 2749 1027 2812 toco
1045 2749 1078 2830 fit
1101 2745 1257 2811 t'ocnnm:
1274 2753 1309 2809 ot
1323 2745 1372 2808 nie
1385 2742 1495 2807 noodtss

320 2857 521 2938 oopnoscendi
538 2856 695 2920 simplest
712 2875 785 2920 cnm
802 2857 951 2929 termino,
970 2873 1035 2920 non
1051 2855 1147 2920 simut
1162 2863 1207 2920 est
1229 2873 1302 2920 cnm
1322 2855 1398 2926 tecm
1419 2867 1496 2932 erpo

326 2966 465 3033 Vocnom
493 2967 654 3050 infinitum
682 2965 767 3030 notio
785 2965 874 3030 modo
902 2965 990 3030 nodis
1013 2973 1114 3047 potest
1142 2983 1206 3030 esse
1225 2974 1348 3038 notum,
1366 2963 1418 3028 sed
1434 2963 1497 3026 erit

320 3078 448 3141 omnino
476 3078 633 3158 ipnotom:
661 3074 745 3156 qnod
779 3077 807 3138 st
836 3083 880 3143 est
908 3077 1036 3140 omnim
1065 3078 1221 3157 tonorum,
1253 3075 1405 3158 quomodo
1432 3071 1501 3138 De-

321 3189 468 3252 mocritns
486 3186 608 3252 devenit
625 3188 662 3250 in
679 3184 746 3266 sins
765 3187 922 3259 notiticm,
942 3193 971 3249 et
989 3203 1096 3251 eornm
1113 3203 1184 3268 ono
1203 3188 1238 3250 in
1251 3203 1291 3272 po
1313 3185 1415 3270 pontt
1437 3182 1502 3248 Sed

322 3295 401 3358 dicct
426 3297 555 3377 ationis,
581 3313 670 3376 posse
688 3295 828 3360 decenin'
845 3298 882 3360 in
906 3298 1111 3378 copnitionem
1140 3294 1250 3369 Vnoni,
1276 3293 1364 3359 nntto
1393 3293 1502 3358 norico

322 3401 470 3484 cnotopio
487 3405 530 3466 od
548 3403 664 3478 iocum,
679 3413 716 3469 nt
733 3413 778 3469 est
796 3407 949 3470 terminos
971 3407 1066 3470 etiem
1082 3407 1254 3490 superficiei
1268 3405 1408 3486 corporis
1423 3419 1502 3467 con-

324 3514 465 3587 tinentis,
491 3513 546 3577 sed
571 3523 607 3578 ot
635 3524 680 3580 cst
701 3517 853 3598 spatium,
873 3515 955 3599 qnod
976 3515 1101 3597 quidem
1117 3515 1253 3598 spotinm
1278 3513 1359 3577 ninii
1375 3510 1500 3594 impedit

322 3641 388 3690 csse
406 3625 488 3688 tsine
510 3625 685 3690 dimensum
710 3634 740 3688 et
768 3627 938 3710 infinitum.
966 3623 1055 3688 Idem
1082 3634 1191 3689 cotem
1219 3641 1260 3687 ec
1277 3619 1498 3702 commotos,

322 3731 405 3815 qnod
416 3742 475 3797 tres
488 3732 587 3808 lineo,
602 3753 634 3799 se
645 3737 779 3799 invicem
796 3741 933 3798 secantes
945 3735 980 3796 in
990 3735 1095 3800 eodem
1103 3741 1221 3817 pnnoto
1242 3732 1351 3815 spatii,
1369 3738 1503 3813 possunt

189 3859 196 3872 ·
318 3841 464 3926 protendi
478 3861 576 3926 nsque
587 3847 622 3909 in
633 3846 807 3929 infinitum.
827 3853 864 3908 nt
881 3845 917 3908 tn
935 3845 1074 3927 coempto
1093 3845 1250 3910 tineornm
1263 3840 1335 3916 AB,
1350 3840 1416 3915 CD,
1428 3839 1502 3914 EF,

322 3957 496 4021 secantium
512 3973 544 4020 sc
562 3957 604 4020 in·
617 3963 736 4038 pnncto
756 3952 794 4030 G,
815 3951 914 4040 (st.
927 3956 967 4033 V,
980 3955 1049 4038 Fig.
1062 3953 1124 4040 lv)
1144 3955 1310 4035 manifeste
1329 3959 1426 4034 potet.
1449 3947 1504 4012 Ad

323 4065 405 4146 qnod
422 4067 568 4140 dicimos,
588 4067 643 4130 tsoc
665 4067 804 4147 spatium
832 4067 914 4132 trine
943 4065 1119 4130 dimensum
1147 4081 1213 4128 non
1234 4079 1299 4127 estc
1317 4059 1418 4132 otton
1435 4061 1504 4124 nisi

324 4193 446 4256 corpus.
461 4174 651 4258 Impossibile
666 4177 751 4239 enim
764 4185 809 4241 cst
824 4175 993 4258 intetttpere
1013 4177 1131 4240 trinom
1145 4173 1367 4239 dimensionem
1383 4169 1503 4253 cosque

325 4303 465 4368 corpore,
481 4295 518 4350 nt
532 4288 644 4368 optime
654 4285 807 4366 orpnebot
819 4283 1012 4359 Aristoteles,
1028 4292 1142 4367 qnorto
1154 4283 1378 4367 Pitpsioornm,
1393 4289 1507 4348 contro

395 4541 428 4600 (t)
451 4537 512 4592 t'cdi
529 4536 554 4586 tn
572 4536 681 4586 Postitto
700 4535 732 4584 N⁰
748 4535 842 4588 xntr.
