3096 5154
173 249 215 323 80
572 257 802 308 asrnoaourcue
824 256 952 307 aumaue

175 405 289 468 aberat
306 418 327 464 a
344 399 407 463 eibi
426 397 607 480 propinqua
639 397 776 461 minutis
797 399 949 479 quatuor.
971 392 1077 460 Erant
1103 395 1225 461 lucida
1254 396 1374 475 valde,
1432 428 1437 479 ·.

175 520 208 579 et
225 511 309 578 nibil
326 507 556 584 scintillantia,
583 507 696 588 qualia
714 524 841 590 semper
858 511 931 572 tum
948 510 1041 583 ante,
1071 509 1143 571 turn
1160 511 1246 589 poet
1266 524 1376 591 appa-

177 623 326 687 ruerunt.
342 618 466 684 Verum
482 617 566 682 bora
582 619 721 700 septima
736 624 805 683 tres
826 616 1032 683 solummodo
1060 616 1205 683 aderant
1240 617 1374 696 stelle,

176 735 211 796 in
228 728 453 812 hujuscemodi
470 746 546 794 cum
564 728 648 793 love
664 735 820 812 aspectu:
838 731 933 792 erant
950 744 1068 811 nempe
1084 728 1261 795 incudem
1279 736 1377 795 recta

179 957 310 1046 oa·
422 919 424 922 ’
626 904 901 1112 &Ut
993 943 1104 1052 tt
1258 953 1373 1048 Oce.

176 1209 219 1272 ad
251 1223 410 1290 ungerem:
441 1205 584 1270 vicinior
611 1204 687 1271 Iovi
716 1211 789 1270 erat
817 1203 995 1269 admodum
1024 1203 1161 1284 exigua,
1185 1205 1296 1268 etat)
1320 1202 1379 1268 allo
1439 1206 1444 1223 ¹

176 1322 303 1381 semota
319 1335 378 1398 per
396 1316 525 1380 minuta
543 1315 652 1396 prima
667 1315 745 1390 tria:
774 1315 816 1379 ab
845 1314 908 1379 bac
937 1312 1082 1378 secunda
1110 1311 1268 1379 distabat
1296 1315 1380 1381 min.

177 1444 259 1501 uuo;
279 1426 378 1490 tertia
395 1442 476 1490 vero
494 1443 514 1489 a
532 1424 677 1490 secunda
694 1425 773 1489 min.
788 1444 839 1508 pr.
864 1423 884 1488 l
907 1443 970 1490 sec.
991 1420 1045 1489 30.
1061 1422 1138 1488 Post
1160 1440 1252 1489 vero
1273 1428 1381 1493 alian

176 1538 293 1603 boram
310 1537 383 1604 duae
415 1536 560 1605 Stellulae
591 1535 709 1601 mediae
739 1535 846 1602 adbuc
875 1536 1053 1602 viciniores
1082 1537 1193 1599 erant:
1226 1538 1381 1605 aberant

175 1651 263 1715 enim
282 1651 363 1715 min.
383 1667 447 1714 sec.
465 1648 525 1713 vix
544 1644 586 1712 30
604 1652 746 1714 tantum.

262 1761 324 1826 llic
341 1760 579 1834 decimosexto,
598 1758 680 1823 bora
698 1759 806 1840 prima
823 1758 945 1834 noctis,
975 1762 1041 1823 tres
1070 1754 1220 1821 vidimus
1252 1757 1386 1826 Stellae

173 1873 273 1953 Juxta
291 1870 379 1933 bunc
398 1867 547 1930 ordinem
565 1868 753 1948 dispositas:
770 1868 842 1932 duae
858 1868 976 1933 lovem
994 1865 1265 1948 intercipiebant,
1279 1870 1330 1935 ab
1344 1889 1385 1936 eo

178 1997 238 2062 per
254 1977 335 2041 min.
353 1976 374 2038 0
393 1992 457 2039 sec.
475 1973 518 2039 ld
538 1976 615 2039 binc
635 1976 711 2039 iude
730 1984 881 2052 remotam
900 1979 997 2042 tertia
1014 1993 1094 2042 vero
1107 1974 1347 2047 occidentalis
1365 2000 1386 2049 a

185 2182 266 2270 or.
579 2131 851 2340 tempta
973 2171 1016 2257 a
1215 2178 1384 2313 oca.

180 2432 262 2498 love
279 2432 422 2500 distabat
440 2435 518 2499 min.
538 2432 569 2498 8.
588 2434 664 2500 lovi
681 2435 841 2517 proximae
856 2451 923 2497 uon
938 2432 1094 2515 majores,
1114 2428 1172 2493 eed
1189 2428 1389 2497 lucidiores

183 2546 384 2627 apparebant
401 2546 579 2609 remotiori.

270 2652 330 2716 Die
359 2652 641 2733 decimaseptima,
663 2652 749 2715 bora
766 2651 807 2714 ab
829 2669 950 2717 occasu
967 2652 988 2715 0
1006 2653 1088 2716 min.
1106 2647 1159 2724 30,
1177 2649 1389 2730 huiusmodi

185 2758 248 2822 luit
266 2758 497 2841 configuratio:
514 2758 615 2825 Stella
642 2777 710 2825 una
725 2767 857 2827 tantum
885 2763 1055 2828 orientalis
1077 2760 1197 2826 alote
1225 2759 1391 2829 dictabat

188 2967 266 3063 or.
703 2930 805 3138 Q)
1061 2972 1104 3056 a
1260 2977 1385 3072 occ.

186 3225 266 3285 mia.
279 3222 315 3298 33
330 3227 543 3292 occidentalis
560 3231 684 3311 pariter
703 3247 772 3295 uua
789 3248 809 3293 a
827 3230 911 3294 Jove
929 3230 1054 3294 distans
1071 3231 1151 3294 min.
1177 3229 1228 3294 11.
1251 3229 1388 3301 Orien-

188 3333 265 3396 talis
294 3333 394 3415 duplo
422 3339 526 3419 major
556 3343 733 3423 apparebat
761 3340 975 3413 occidentali;
1006 3359 1067 3404 nec
1093 3342 1203 3421 plures
1234 3339 1387 3410 aderaut

188 3460 289 3525 quam
300 3444 370 3509 istae
385 3445 470 3511 duae.
485 3449 608 3516 Verum
623 3458 696 3533 post
709 3452 810 3514 boras
824 3457 982 3531 quatuor,
997 3450 1079 3514 bora
1089 3467 1207 3531 nempe
1221 3453 1387 3530 proxime

188 3555 318 3636 quinta,
338 3558 436 3621 tertia
454 3578 497 3623 ex
515 3566 609 3641 parte
627 3560 780 3621 orientali
799 3577 964 3640 emergere
981 3561 1093 3640 coepit,
1114 3576 1187 3640 quae
1203 3564 1324 3635 autea,
1341 3568 1385 3628 nt

189 3667 320 3748 opinor,
349 3685 425 3733 curu
454 3669 556 3751 priori
583 3667 702 3747 juncta
730 3674 814 3742 erat;
843 3669 969 3750 luitque
996 3670 1074 3734 talis
1102 3670 1235 3750 positio:
1262 3671 1381 3737 media

189 3778 288 3842 Stella
307 3777 458 3842 orientali
475 3795 575 3858 quarn
594 3777 746 3860 proxima
763 3778 842 3843 min.
861 3785 991 3847 tantum
1010 3797 1073 3844 sec.
1090 3779 1132 3842 20
1152 3777 1384 3858 elongabatur

193 3998 272 4091 or.
576 3998 678 4126 a,
709 3958 811 4163 Θ
1061 4000 1104 4085 a
1260 4001 1377 4101 000.

190 4273 231 4335 ab
251 4273 322 4348 illa,
342 4279 374 4337 et
392 4291 411 4337 a
432 4275 520 4338 linea
539 4280 643 4349 recta,
663 4292 720 4355 per·
738 4278 1073 4344 extremasettovem
1092 4281 1263 4358 producta,
1275 4282 1380 4361 paul·

189 4384 295 4450 lulum
315 4403 428 4450 versus
447 4391 596 4451 austrum
615 4384 812 4449 declinabat.
1328 4390 1331 4400 ’
