3096 5154
504 324 544 371 nc
568 322 776 373 cannuensis
798 322 829 370 sn
851 322 931 371 osne
955 322 1042 370 conc
1301 308 1369 376 titi

180 461 339 529 discordia
361 469 390 525 et
419 461 524 525 litium
541 461 717 532 occasione,
736 461 840 541 ipsum
862 461 1048 536 discessisse,
1070 462 1177 528 relicto
1191 461 1261 527 aliis
1277 468 1372 530 anci-

175 575 249 657 pilis
259 572 379 655 judicii
395 571 594 646 discrimine,
616 572 662 635 ita
681 571 752 644 lic,
771 571 807 635 in
824 572 986 653 proposito
1003 573 1116 637 lorum
1131 573 1369 654 planomcndns

177 682 326 765 indapinc
346 681 448 748 tribus
462 680 662 764 Disciplinis,
678 699 759 764 onas
778 683 886 746 cuncti
900 699 989 747 nunc
1006 692 1216 758 uenerantur,
1233 683 1370 750 alccon-

175 792 279 860 'drina
300 793 417 859 scilicet
436 790 662 868 Astronomia,
679 792 865 859 academica
889 802 984 874 atque
998 795 1210 876 peripatetica
1227 795 1372 861 Pltiloso-

175 904 274 987 plia,
297 921 336 969 ac
366 912 520 969 renouata
547 901 608 967 illis
638 911 668 968 ct
695 901 879 969 mortalibus
908 903 1053 968 omnibus
1078 907 1228 986 perennis
1257 906 1372 973 laboris

178 1024 300 1098 scastc,
324 1023 393 1079 tuns
409 1021 620 1087 astronomos,
641 1022 710 1078 turn
722 1014 934 1095 pitilosopleos,
952 1014 994 1079 ad
1007 1014 1224 1097 indopandans
1241 1024 1271 1080 et
1278 1017 1374 1097 jndi-

180 1127 266 1191 ciusn
283 1124 451 1207 [erendum
469 1131 629 1189 convocat.
659 1122 732 1205 Ipse
750 1125 894 1200 interim,
918 1124 1062 1208 Delphici
1080 1123 1235 1207 Apollinis
1253 1127 1375 1193 oraculi

179 1235 404 1315 sapientissimi
435 1242 621 1308 ceterorum,
656 1235 715 1298 nac
746 1252 817 1299 uoce
846 1244 876 1299 et
904 1254 961 1317 cao
982 1237 1139 1301 excitatur
1158 1236 1270 1322 (quern
1287 1241 1372 1304 enirn

181 1347 280 1409 ctinm
297 1344 484 1409 altissimum
500 1362 647 1410 somnum
672 1345 876 1410 dorminetens
904 1347 1013 1428 inpens
1042 1347 1096 1412 lio
1122 1349 1197 1412 novi
1223 1348 1372 1414 miraculi

179 1473 294 1529 conns,
312 1456 370 1537 qui
387 1463 487 1520 toturn
503 1454 609 1521 orbern
623 1460 778 1539 pcwasit,
798 1474 863 1522 non
880 1456 1082 1542 excitasscti)
1098 1456 1141 1522 ad
1154 1459 1277 1541 diouid
1290 1462 1373 1525 scri-

181 1565 317 1630 bendum
325 1567 453 1642 accessi,
464 1566 545 1631 nicil
559 1567 636 1632 certi
650 1568 823 1649 offinnans,
838 1567 892 1632 red
906 1575 1031 1631 tanturn
1044 1566 1216 1634 dubitando
1231 1578 1373 1634 tentans:

180 1685 287 1751 ratus,
303 1695 369 1741 non
385 1677 462 1741 sessis
481 1693 544 1741 csse
562 1678 651 1752 milei,
670 1678 790 1743 sciendi
804 1677 926 1759 cupido,
942 1678 1006 1742 lac
1023 1677 1194 1753 admirari,
1211 1688 1242 1744 et
1259 1681 1374 1745 noran

182 1791 379 1853 inacntorern
396 1785 584 1851 admirando
610 1788 803 1869 predicare,
828 1806 866 1853 ac
892 1788 1056 1872 plausibus
1070 1791 1185 1872 populo
1201 1798 1373 1864 ostentare:

182 1900 246 1965 nisi
277 1906 308 1962 ct
336 1899 421 1963 nnnc
450 1896 593 1962 cumdem
623 1895 778 1964 Galilcnm
797 1897 872 1983 (qui
899 1898 1019 1974 diuino,
1048 1918 1111 1982 quo
1135 1901 1289 1982 praelitas
1307 1909 1372 1974 cst,

183 2012 325 2092 inaenio,
358 2009 457 2074 ueluti
478 2011 562 2093 potis
590 2010 656 2093 suit
685 2011 750 2075 ltac
778 2029 858 2075 nouo
893 2019 921 2074 ct
949 2010 1137 2076 admirando
1165 2013 1375 2076 instrumento

183 2120 272 2187 nobis
295 2121 467 2196 ostendere,
491 2121 540 2185 ito
565 2122 661 2184 etiarn
690 2121 868 2186 corumdem
896 2120 984 2185 nolis
1012 2138 1142 2186 causans
1164 2128 1193 2187 ct
1215 2121 1373 2186 rationem

186 2232 311 2315 aperire
335 2230 477 2317 nutu),
504 2250 560 2296 nec
591 2250 658 2297 non
685 2241 801 2298 ceteros
829 2232 921 2306 alios,
945 2241 1013 2297 tucn
1034 2233 1282 2305 mathematicos,
1307 2239 1375 2294 turn

184 2343 393 2426 plsilosopltos,
408 2343 455 2407 leis
469 2341 602 2407 stimulis
619 2361 683 2406 non
699 2342 788 2407 modo
802 2343 983 2415 excitarem,
990 2358 1100 2407 ouum
1115 2343 1209 2406 etiarn
1224 2357 1374 2422 saonem.

707 2717 786 2783 Cer.
816 2713 856 2780 11.

410 2937 554 3011 Quanam
570 2935 713 2998 methodo
728 2934 910 2998 instituenda
926 2933 964 2996 sit
980 2934 1152 3014 disputatio.

282 3237 436 3322 Propalai
452 3258 525 3306 uero
543 3242 625 3304 itanc
643 3239 883 3321 disputationem
896 3239 1034 3319 physico,
1057 3254 1123 3300 non
1148 3235 1375 3308 natlsernatice,

187 3349 321 3416 nabere:
339 3368 413 3416 cun
440 3353 525 3417 enirn
553 3369 618 3425 rcs,
649 3351 685 3414 de
713 3366 779 3432 qua
805 3351 928 3431 apitur,
947 3357 977 3411 ct
990 3348 1127 3430 physica
1150 3354 1181 3411 ct
1200 3346 1378 3410 mollema-

185 3448 261 3528 ‘tinc
288 3464 330 3529 sit
357 3463 630 3537 comiderationis,
648 3462 869 3526 mathematica
882 3467 988 3523 autem
1007 3459 1214 3524 consideratio
1241 3475 1264 3521 n
1292 3464 1379 3522 certa

187 3575 328 3641 noterio
351 3582 384 3639 n
414 3573 551 3640 subiecto
576 3573 794 3656 proscindat,
823 3589 860 3635 cc
889 3570 1020 3652 proinde
1051 3570 1153 3649 napis
1184 3577 1304 3633 renota
1337 3568 1379 3630 sit

186 3703 211 3749 a
254 3687 374 3751 nostris
406 3685 570 3760 semitas,
603 3694 633 3749 et
671 3703 694 3749 a
732 3685 894 3765 conuenito
926 3681 1015 3746 nobis
1051 3679 1140 3743 snodo
1175 3677 1379 3759 coqnosccndi

190 3795 270 3880 (cui
293 3803 340 3861 cst
360 3811 383 3859 a
404 3798 504 3878 napis
523 3796 674 3861 concretis
706 3803 736 3858 et
754 3794 945 3874 coniunctis,
974 3810 1014 3855 ne
1032 3790 1149 3861 dicans,
1177 3788 1381 3870 peripatetico

189 3924 302 3982 neore,
336 3907 511 3989 eornpotitis
543 3915 573 3970 et
603 3904 778 3988 confusis),·
813 3900 972 3967 naturalis
1002 3917 1094 3973 vero,
1127 3906 1157 3962 ct
1184 3899 1220 3962 in
1247 3896 1382 3960 rnateria

191 4026 220 4082 ct
250 4035 325 4084 cusu
352 4025 441 4083 motu
468 4016 647 4100 affectiones
670 4013 855 4084 consideret,
886 4008 1062 4074 cuiusmodi
1080 4010 1186 4090 primo
1211 4014 1243 4070 ct
1263 4007 1380 4071 nostris

192 4129 334 4195 unsina
365 4138 396 4194 ct
424 4129 595 4194 intellectui
622 4144 672 4192 res
701 4127 775 4208 ipsa
803 4140 836 4186 sc
866 4120 1025 4203 offerunt:
1042 4118 1246 4194 naturaliter,
1270 4126 1307 4183 ut
1334 4120 1382 4180 ita

194 4237 319 4314 m,
351 4257 392 4304 ac
431 4241 560 4322 physice
599 4246 744 4319 suscepta
778 4235 841 4298 lac
869 4230 1053 4314 disputatio,
1082 4232 1184 4313 napis
1212 4225 1380 4314 familiaris

199 4350 272 4421 crit,
290 4357 321 4413 ct
347 4348 446 4415 ueluti
475 4350 671 4432 telescopiurn
703 4350 758 4412 ltoc
787 4343 997 4427 perspicillnm
1025 4344 1166 4408 omniurn
1194 4343 1306 4412 oculis,
1335 4331 1379 4391 lla

199 4461 338 4526 annium
359 4461 530 4528 intellectui
552 4460 793 4526 accommodata.
816 4453 905 4521 Addo
935 4456 1042 4531 etiarn,
1072 4455 1156 4538 quod
1180 4448 1380 4535 paradoxum
