3096 5154
177 243 219 307 da
580 242 808 294 assuescamus
830 241 955 290 aureius

175 399 215 461 de
233 396 362 460 ratione
381 384 614 450 distantiarum
632 380 906 447 dimetiendamm
922 377 1158 462 inquirendum
1175 376 1271 455 erit3
1288 378 1385 463 quod
1461 422 1466 435 ·

173 507 234 571 tali
253 499 397 566 artificio
415 510 636 577 assequemur.
660 491 708 559 sit
730 492 834 567 enlm,
856 490 1015 557 facilioris
1032 489 1278 572 intelligentie
1298 508 1384 574 gra·

175 619 222 681 tio
243 610 339 697 (Tab.
357 609 386 683 l,
404 608 474 691 Fig.
494 604 556 694 ll),
580 606 691 672 labus
713 602 835 670 abili).
859 601 985 669 Oculus
1002 600 1214 685 inspicientis
1240 608 1322 669 esto
1341 603 1381 669 li.

175 723 287 798 liadii,
306 721 386 786 dum
402 718 498 786 nulla
516 719 551 784 in
574 718 668 783 Tubu
689 715 840 782 adessent
862 715 1067 797 Perspicilla,
1089 713 1133 778 ab
1154 713 1303 795 nuccio
1320 711 1380 781 FG

177 836 219 900 ad
236 832 370 898 oculum
388 830 416 896 li
435 829 615 897 moundum
632 829 736 893 lineas
753 832 862 892 rectas
879 823 975 901 Fcis,
996 822 1082 890 Gbli
1099 822 1296 902 lamentum
1319 825 1380 891 sed

178 942 333 1026 appositis
342 941 540 1024 Perspicillis
550 941 696 1005 ferentur
708 937 888 1003 secundom
899 937 1003 1001 lineas
1013 932 1379 1015 retractasliCEJlil'a

178 1056 391 1118 coarctantur
405 1054 508 1127 enim,
527 1051 631 1132 etqui
648 1049 740 1131 prins
756 1048 853 1112 liberi
868 1048 911 1112 ad
925 1044 981 1112 sd
993 1047 1159 1131 obiectum
1173 1045 1383 1131 dirigeban-

178 1172 234 1230 tur
253 1159 314 1250 (1),
337 1169 466 1245 partem
478 1160 706 1227 tantummodo
721 1159 766 1224 ill
782 1158 1068 1241 comprehendent.
1083 1157 1232 1240 Accepta
1253 1158 1383 1226 deinde

179 1275 307 1339 ratione
318 1274 482 1339 distantiat
499 1271 606 1338 Eilad
619 1271 741 1335 lineam
746 1268 866 1351 ill,per
875 1270 1024 1336 tabulam
1035 1270 1169 1335 dunum
1179 1270 1382 1353 reperietur

182 1387 351 1468 quantitas
367 1385 481 1468 anguli
495 1386 530 1449 in
543 1381 642 1448 oculo
656 1399 700 1445 ex
713 1380 843 1462 obiecto
856 1378 901 1444 lli
916 1378 1102 1454 constituti,
1119 1393 1223 1460 quem
1237 1380 1383 1447 minuta
1463 1444 1466 1451 ,

179 1497 331 1579 quedam
361 1502 492 1562 tantum
519 1493 689 1558 continere
716 1491 965 1574 comperiemus.
983 1488 1126 1567 Quodsi
1144 1487 1302 1571 specillo
1325 1489 1382 1559 cb
1464 1560 1466 1565 ,

178 1608 341 1684 bracteas,
360 1608 443 1672 alias
461 1603 658 1690 majoribus,
676 1602 761 1666 alias
776 1618 857 1666 vero
874 1601 1058 1666 minoribns
1074 1599 1265 1683 perforatas
1285 1603 1387 1669 fora-

180 1719 335 1793 minibus,
355 1717 595 1797 aptaverimus,
612 1713 711 1779 modo
728 1713 814 1777 banc
825 1712 925 1776 modo
936 1712 1041 1788 illam,
1050 1714 1149 1793 prout
1159 1727 1249 1791 opus
1257 1712 1386 1791 rueme

180 1827 499 1906 superimponentes,
518 1824 657 1905 angulos
686 1823 769 1887 alios
792 1827 890 1904 atque
920 1823 1004 1887 alios
1030 1822 1195 1904 pluribus,
1226 1825 1385 1904 pancio-

183 1934 339 2013 ribusque
357 1932 495 1998 minutis
513 1932 825 2013 subtendentes,pro
835 1933 933 1998 libito
948 1933 1203 2007 constituemus:
1217 1950 1382 2015 qnorum

182 2061 244 2126 ope
268 2042 447 2108 Stellarum
465 2042 727 2125 intercapedines
754 2060 813 2124 per
841 2043 966 2124 aliquot
993 2045 1124 2109 minuta
1151 2041 1380 2111 adinvicem

182 2154 389 2228 dissitamm,
407 2154 493 2218 citra
506 2154 606 2219 unius
628 2158 686 2219 aut
704 2153 841 2219 alterius
855 2153 973 2219 minuti
988 2159 1172 2236 peccatum,
1188 2156 1383 2222 commode

184 2264 329 2328 dimetiri
349 2265 539 2348 poterimus.
562 2265 641 2331 llaec
671 2269 782 2329 tamen
804 2265 851 2330 sic
872 2265 991 2331 leviter
1019 2266 1180 2348 tetigisse,
1207 2268 1244 2328 et
1275 2268 1385 2349 quasi

182 2376 381 2458 primoribus
398 2360 518 2442 libasse
535 2377 643 2454 labiis,
661 2376 964 2460 inpresentiarum
992 2377 1035 2441 sit
1062 2377 1157 2452 satis;
1174 2391 1236 2457 per
1268 2377 1386 2444 aliam

183 2487 271 2552 enim
288 2490 496 2553 occasionem
515 2488 701 2552 absolutam
718 2488 819 2570 buius
840 2484 964 2568 Orpani
986 2486 1149 2551 tbeoriam
1166 2486 1202 2549 in
1218 2487 1385 2556 medinm

184 2597 395 2676 proteramus.
411 2597 508 2660 Nunc
525 2596 785 2670 observationes,
796 2595 924 2658 anobis
938 2594 1068 2662 duobus
1080 2594 1233 2678 proxime
1246 2597 1386 2683 elapsis

184 2704 353 2769 mensibus
368 2704 510 2778 babitas,
520 2720 763 2780 recenseamus,
782 2705 824 2768 ad
842 2722 1039 2788 magnarum
1056 2707 1205 2788 prolecto
1215 2715 1384 2777 contom-

184 2814 367 2899 plationum
395 2814 532 2880 exordia
560 2831 674 2879 omnes
702 2831 790 2882 vera
819 2816 1035 2900 pbilosopbiae
1068 2819 1207 2901 cupidos
1239 2804 1385 2889 convo-2

184 2932 305 2994 cantes.

273 3039 320 3104 lle
337 3039 421 3104 facie
440 3042 552 3102 autem
571 3036 687 3113 Lunae,
705 3054 779 3117 quae
810 3038 852 3102 ad
880 3046 1051 3121 aspectum
1073 3045 1225 3104 nostmm
1243 3045 1384 3125 vergit,

184 3149 292 3228 primo
308 3148 381 3211 loco
400 3149 563 3213 dicamus:
581 3166 682 3231 quam
700 3149 860 3214 facilioris
873 3150 1097 3232 intelligentia
1113 3151 1219 3232 gratia
1235 3149 1386 3221 induas

183 3260 294 3338 partes
311 3255 494 3337 distinguo,
521 3260 659 3324 alteram
678 3278 796 3343 nempe
822 3260 1012 3334 clariorem,
1040 3261 1265 3324 obscuriorem
1283 3262 1386 3330 alte-

184 3384 271 3430 ram:
294 3365 418 3429 clarior
437 3366 568 3434 videtur
589 3375 695 3435 totum
718 3370 986 3452 hemisphaerium
1017 3371 1143 3433 ambire
1170 3376 1269 3450 atque
1291 3376 1385 3451 pei·-

183 3477 334 3552 lundona
363 3477 532 3544 obscurior
559 3499 639 3545 vcro
666 3483 769 3546 veluti
799 3482 902 3546 nubes
931 3481 1083 3560 quaedam
1113 3482 1232 3545 faciem
1260 3481 1383 3563 ipsam

186 3586 308 3661 inlicit,
325 3589 593 3672 maculosamque
611 3591 729 3654 reddit.
747 3590 819 3654 lstae
840 3598 950 3656 autem
978 3589 1133 3666 maculae',
1157 3593 1382 3662 subobscurae

183 3703 216 3760 et
234 3698 314 3761 satis
342 3699 471 3780 nmplae,
499 3701 677 3783 unicuique
707 3707 782 3766 sunt
810 3702 933 3780 obviae,
963 3704 1102 3785 illasque
1131 3721 1241 3768 aevum
1270 3719 1382 3772 omne

184 3809 367 3890 conspexit3
386 3819 582 3895 quapropter
599 3831 751 3896 magnas,
771 3831 827 3879 seu
846 3817 999 3899 antiquas
1028 3832 1085 3880 eas
1114 3814 1379 3896 appellabimus,

183 3916 226 3979 ad
244 3918 459 3987 diiierentlam
483 3925 624 3989 aliarum
643 3928 853 4017 maculamm
882 3928 1099 4009 amplitudine
1123 3929 1310 4002 minorum,
1334 3935 1377 3994 at

184 4029 366 4110 frequentia
384 4035 431 4098 ita
444 4035 662 4111 consitamm,
679 4043 717 4101 ut
737 4044 840 4103 totam
859 4037 1023 4103 Lunarem
1040 4038 1263 4121 superficiem,
1280 4053 1376 4117 praa·

184 4141 296 4205 sertim
314 4159 394 4207 vero
409 4145 603 4211 lucidiorem
625 4152 753 4228 partem
775 4155 1007 4229 conspergant:
1025 4151 1076 4215 bae
1097 4167 1178 4216 vero
1197 4167 1216 4213 a
1235 4148 1373 4213 nemine

254 4379 284 4438 (i)
306 4374 523 4427 uatendetanror
539 4375 591 4428 MS.
609 4377 630 4427 i.
