3304 5282
717 408 820 457 tutius
843 405 949 456 CRM!
972 407 1009 453 LA
1033 403 1135 452 GALM

578 821 633 904 lib
656 819 757 904 titali
782 819 832 904 tt
857 819 1008 905 1111!le
1032 815 1278 902 blSPbTAle

857 1046 1000 1074 um>-

853 1329 958 1396 cmm
980 1331 1005 1395 Ι.

570 1532 751 1614 proponitur
767 1531 898 1611 quaestio
912 1537 944 1594 el
958 1529 1079 1594 occasio
1093 1529 1280 1609 queminus

430 1762 509 1827 Cum
525 1759 709 1845 aliquanda,
728 1757 830 1822 adnue
847 1759 1032 1841 interposita
1048 1766 1151 1832 nnete,
1170 1757 1400 1822 illustrissimus
1414 1753 1519 1820 Fetle-

339 1875 426 1938 rieus
446 1869 563 1936 Casius
578 1869 716 1934 marebio
732 1865 850 1934 Montis
870 1865 957 1931 culti
970 1869 1018 1933 rei
1035 1869 1195 1932 litteraria
1209 1869 1245 1931 in
1259 1865 1336 1931 urbe
1344 1874 1517 1949 patrenus,

340 2100 408 2154 etus
422 2100 452 2153 et
466 2091 565 2152 attiea
581 2095 675 2167 atque
691 2103 825 2150 romana
837 2086 991 2168 facundia
1002 2085 1186 2168 murlense,
1201 2085 1292 2168 enjus
1304 2083 1407 2152 solerti
1421 2085 1518 2164 inqe-

340 2201 395 2261 nio
412 2215 528 2262 nanum
543 2195 709 2277 Teleseapii
727 2213 840 2260 nuneen
850 2195 1026 2277 perspieillo
1037 2197 1193 2278 aptissime
1208 2195 1343 2259 inditum
1353 2191 1515 2267 debemus,

340 2325 462 2371 neenun
484 2307 628 2370 daminus
647 2304 784 2369 loannes
810 2303 996 2369 clementius
1022 2323 1130 2370 rerum
1159 2303 1358 2369 naturalium
1378 2303 1519 2368 solertis-

339 2419 439 2480 slmus
457 2417 626 2498 inbuuntur
651 2433 689 2480 ae
707 2415 861 2498 pliniana
877 2415 983 2498 alarin
1013 2424 1121 2480 nostru
1139 2423 1229 2479 atate
1246 2414 1398 2490 amalus,
1416 2413 1519 2479 entel-

343 2527 547 2590 lentissimum
565 2525 607 2590 1).
627 2523 782 2590 Galileum
810 2527 1073 2600 convenissemus,
1097 2525 1218 2590 uisendi
1239 2525 1347 2606 qratia
1371 2523 1518 2590 Venerem

337 2635 526 2718 perspiellla,
545 2635 695 2718 [alentem
717 2636 846 2716 speeiem
860 2637 1126 2718 pruseferentem,
1146 2653 1201 2699 nee
1220 2653 1285 2700 nnn
1302 2636 1389 2702 eirea
1398 2631 1519 2700 Satur·

342 2763 420 2808 num
447 2745 679 2809 obambulantes
709 2745 785 2809 alias
815 2753 916 2807 entes:
945 2745 1080 2809 nubibus
1103 2745 1348 2810 obseruationem
1368 2745 1517 2827 eudemum

345 2853 435 2919 nabis
452 2853 671 2936 eripientibus,
688 2854 817 2917 interim
844 2855 943 2916 uariis
962 2853 1123 2930 derebus,
1146 2863 1181 2918 ul
1199 2857 1284 2920 inter
1305 2855 1403 2920 duetus
1425 2854 1515 2928 salet,

344 2963 517 3030 babebulut
534 2981 645 3028 semea.
664 2961 781 3026 Incidit
803 2970 909 3026 aulem
935 2967 1052 3030 mentio
1069 2966 1105 3028 ele
1124 2965 1256 3040 tumme,-
1272 2965 1314 3030 ael
1331 2982 1426 3048 quam
1443 2982 1517 3028 emn

344 3095 399 3159 equ
416 3075 637 3157 inuemuissem
654 3075 786 3138 numani
803 3074 925 3154 inuenti
943 3077 1139 3150 tenuitatem,
1154 3093 1191 3140 ue
1205 3076 1354 3157 junctum
1372 3076 1518 3140 tenuitati

346 3188 562 3260 temeritatem,
582 3185 694 3268 qnippe
722 3201 792 3266 qua
816 3185 925 3248 amnia
950 3187 1161 3267 persulinum
1190 3185 1318 3260 audeat,
1337 3203 1404 3250 nnn
1433 3183 1519 3251 maela

346 3297 552 3360 remotissima
562 3312 583 3358 a
594 3295 708 3360 nastris
726 3293 878 3368 sensibus,
890 3312 999 3359 uerum
1011 3295 1106 3360 etiam
1118 3285 1193 3377 ipsis
1203 3313 1335 3378 marsus
1350 3297 1518 3367 inurente,

347 3411 383 3467 ut
397 3403 670 3484 pessumarum
686 3421 723 3468 ae
737 3403 901 3486 perbeatus
916 3413 1046 3479 mentes,
1063 3413 1092 3468 et
1102 3407 1244 3487 primum
1258 3423 1368 3472 rernm
1381 3409 1519 3472 omnium

343 3513 537 3597 principium
560 3514 836 3596 perfectissimum,
865 3532 1022 3578 summum
1050 3514 1195 3590 Bonum·
1208 3533 1280 3580 eum
1299 3517 1461 3580 tamenin
1485 3531 1518 3578 re

348 3623 536 3697 tantuma,
555 3633 680 3689 tantum
702 3623 790 3688 nabis
820 3625 989 3706 cunjuncta
1017 3634 1111 3708 atque
1132 3625 1285 3708 familiari
1303 3633 1459 3708 quantun
1476 3631 1519 3687 est

349 3737 420 3810 lun,
442 3737 512 3816 ipsu
540 3734 762 3808 assentiamini
779 3741 816 3796 ut
833 3733 959 3808 nullibi,
978 3754 1075 3817 quam
1092 3738 1127 3800 in
1145 3737 1213 3818 ejus
1236 3737 1425 3818 munitione,
1444 3733 1522 3798 den·

348 3845 484 3912 rioribus
502 3845 637 3911 tenebris
666 3843 860 3908 inuoluutur:
883 3843 984 3909 adbuc
1011 3849 1096 3912 enim
1112 3847 1148 3911 de
1165 3865 1286 3912 summu
1305 3846 1373 3928 ejus
1396 3861 1521 3928 uenere,

350 3975 419 4040 qua
436 3956 646 4022 renmtissinea
667 3962 712 4019 est
740 3953 888 4036 counitio,
907 3972 973 4019 nun
1002 3965 1137 4021 constat.-
1154 3957 1183 4020 si
1200 3955 1379 4022 substantia
1395 3957 1448 4028 sit,
1472 3951 1524 4016 uel

350 4065 509 4140 meldens,-
526 4066 554 4129 si
572 4081 697 4147 serpen,
715 4063 763 4130 uel
780 4065 996 4146 incorporeum
1012 4065 1148 4148 aliquid,-
1159 4069 1188 4131 si
1205 4067 1358 4150 qualitas,
1373 4065 1419 4130 nel
1434 4063 1522 4129 rela-

352 4177 410 4248 eio,·
423 4174 464 4237 ab
478 4175 542 4238 leae
559 4175 644 4238 enim
658 4176 779 4248 amnia,
790 4191 850 4256 pra
866 4175 966 4239 nostri
984 4176 1103 4256 inuenii
1117 4175 1286 4254 debilitate,
1301 4176 1389 4260 {urile
1406 4173 1523 4256 reterri

349 4293 461 4370 potest,
479 4293 509 4348 el
530 4283 569 4348 ub
591 4285 667 4367 ipsis
692 4285 815 4365 puriter
842 4285 961 4349 arten:
983 4302 1053 4366 uun
1084 4303 1154 4351 eum
1173 4305 1229 4370 eun
1247 4286 1522 4371 pronuntiassem,

352 4393 626 4460 excellentissimus
646 4390 783 4458 Galileus
801 4395 836 4458 in
854 4393 991 4482 eamdem
1012 4413 1133 4461 nusum
1161 4399 1348 4463 sententium
1366 4397 1464 4472 uenit,
1487 4413 1524 4458 ur

353 4529 384 4570 se
413 4507 542 4572 libenter
571 4506 729 4572 tenebram
758 4515 881 4571 earcere
910 4505 1040 4584 includi,
1069 4527 1106 4575 ue
1134 4527 1218 4592 pune
1245 4517 1371 4576 tuntum
1388 4517 1418 4574 et
1439 4525 1524 4591 aqua
