<?xml version="1.0" encoding="UTF-8"?>
<!DOCTYPE html PUBLIC "-//W3C//DTD XHTML 1.0 Transitional//EN"
    "http://www.w3.org/TR/xhtml1/DTD/xhtml1-transitional.dtd">
<html xmlns="http://www.w3.org/1999/xhtml" xml:lang="en" lang="en">
 <head>
  <title>
</title>
<meta http-equiv="Content-Type" content="text/html;charset=utf-8" />
  <meta name='ocr-system' content='tesseract 3.04.00' />
  <meta name='ocr-capabilities' content='ocr_page ocr_carea ocr_par ocr_line ocrx_word'/>
</head>
<body>
  <div class='ocr_page' id='page_1' title='image "./leoperedigalile10vivigoog_0372.png"; bbox 0 0 3096 5154; ppageno 0'>
   <div class='ocr_carea' id='block_1_1' title="bbox 466 346 1328 415">
    <p class='ocr_par' dir='ltr' id='par_1_1' title="bbox 466 346 1328 415">
     <span class='ocr_line' id='line_1_1' title="bbox 466 346 1328 415; baseline -0.001 -1"><span class='ocrx_word' id='word_1_1' title='bbox 466 366 504 414; x_wconf 77' lang='lat' dir='ltr'><strong><em>on</em></strong></span> <span class='ocrx_word' id='word_1_2' title='bbox 529 365 735 415; x_wconf 71' lang='lat' dir='ltr'><strong><em>summumne</em></strong></span> <span class='ocrx_word' id='word_1_3' title='bbox 759 367 788 412; x_wconf 85' lang='lat' dir='ltr'><strong><em>m</em></strong></span> <span class='ocrx_word' id='word_1_4' title='bbox 811 367 891 412; x_wconf 76' lang='lat' dir='ltr'><strong><em>onom</em></strong></span> <span class='ocrx_word' id='word_1_5' title='bbox 917 364 1003 412; x_wconf 76' lang='lat' dir='ltr'><strong><em>sonu</em></strong></span> <span class='ocrx_word' id='word_1_6' title='bbox 1263 346 1328 413; x_wconf 80' lang='lat'><strong><em>355</em></strong></span> 
     </span>
    </p>
   </div>
   <div class='ocr_carea' id='block_1_2' title="bbox 103 501 1347 4542">
    <p class='ocr_par' dir='ltr' id='par_1_2' title="bbox 103 501 1347 4542">
     <span class='ocr_line' id='line_1_2' title="bbox 154 501 1328 588; baseline -0.004 -19"><span class='ocrx_word' id='word_1_7' title='bbox 154 527 171 569; x_wconf 80' lang='lat' dir='ltr'><strong><em>u</em></strong></span> <span class='ocrx_word' id='word_1_8' title='bbox 190 505 416 588; x_wconf 76' lang='lat' dir='ltr'><strong><em>vespertitiones</em></strong></span> <span class='ocrx_word' id='word_1_9' title='bbox 434 511 548 568; x_wconf 71' lang='lat' dir='ltr'><strong><em>ronna</em></strong></span> <span class='ocrx_word' id='word_1_10' title='bbox 565 520 597 566; x_wconf 86' lang='lat' dir='ltr'><strong><em>se</em></strong></span> <span class='ocrx_word' id='word_1_11' title='bbox 617 501 747 574; x_wconf 72' lang='lat' dir='ltr'><strong><em>tabenn-</em></strong></span> <span class='ocrx_word' id='word_1_12' title='bbox 764 520 836 564; x_wconf 90' lang='lat' dir='ltr'><strong><em>eum</em></strong></span> <span class='ocrx_word' id='word_1_13' title='bbox 854 504 937 565; x_wconf 87' lang='lat' dir='ltr'><strong><em>enim</em></strong></span> <span class='ocrx_word' id='word_1_14' title='bbox 952 501 1090 564; x_wconf 79' lang='lat' dir='ltr'><strong><em>interdiu</em></strong></span> <span class='ocrx_word' id='word_1_15' title='bbox 1108 501 1186 562; x_wconf 83' lang='lat' dir='ltr'><strong><em>ninii</em></strong></span> <span class='ocrx_word' id='word_1_16' title='bbox 1198 502 1263 581; x_wconf 73' lang='lat' dir='ltr'><strong><em>[ere</em></strong></span> <span class='ocrx_word' id='word_1_17' title='bbox 1278 504 1328 565; x_wconf 89' lang='lat' dir='ltr'><strong><em>ui-</em></strong></span> 
     </span>
     <span class='ocr_line' id='line_1_3' title="bbox 108 607 1328 699; baseline -0.005 -21"><span class='ocrx_word' id='word_1_18' title='bbox 108 670 127 699; x_wconf 73' lang='lat'><strong><em>,</em></strong></span> <span class='ocrx_word' id='word_1_19' title='bbox 150 617 291 689; x_wconf 71' lang='lat' dir='ltr'><strong><em>odiant,</em></strong></span> <span class='ocrx_word' id='word_1_20' title='bbox 310 621 402 678; x_wconf 85' lang='lat' dir='ltr'><strong><em>aaute</em></strong></span> <span class='ocrx_word' id='word_1_21' title='bbox 420 614 528 676; x_wconf 90' lang='lat' dir='ltr'><strong><em>omnia</em></strong></span> <span class='ocrx_word' id='word_1_22' title='bbox 551 628 606 694; x_wconf 87' lang='lat' dir='ltr'><strong><em>per</em></strong></span> <span class='ocrx_word' id='word_1_23' title='bbox 635 619 755 675; x_wconf 85' lang='lat' dir='ltr'><strong><em>nortem</em></strong></span> <span class='ocrx_word' id='word_1_24' title='bbox 784 613 988 692; x_wconf 84' lang='lat' dir='ltr'><strong><em>conspiciunt.</em></strong></span> <span class='ocrx_word' id='word_1_25' title='bbox 1020 607 1176 691; x_wconf 86' lang='lat' dir='ltr'><strong><em>Spiritum</em></strong></span> <span class='ocrx_word' id='word_1_26' title='bbox 1205 611 1328 690; x_wconf 86' lang='lat' dir='ltr'><strong><em>quidem</em></strong></span> 
     </span>
     <span class='ocr_line' id='line_1_4' title="bbox 151 720 1329 796; baseline -0.004 -9"><span class='ocrx_word' id='word_1_27' title='bbox 151 749 168 787; x_wconf 74' lang='lat' dir='ltr'><strong><em>n</em></strong></span> <span class='ocrx_word' id='word_1_28' title='bbox 186 726 274 791; x_wconf 81' lang='lat' dir='ltr'><strong><em>ilium</em></strong></span> <span class='ocrx_word' id='word_1_29' title='bbox 288 726 456 796; x_wconf 70' lang='lat' dir='ltr'><strong><em>amomum,</em></strong></span> <span class='ocrx_word' id='word_1_30' title='bbox 476 732 505 786; x_wconf 89' lang='lat' dir='ltr'><strong><em>et</em></strong></span> <span class='ocrx_word' id='word_1_31' title='bbox 524 723 742 786; x_wconf 83' lang='lat' dir='ltr'><strong><em>tenuissimum</em></strong></span> <span class='ocrx_word' id='word_1_32' title='bbox 760 730 787 784; x_wconf 90' lang='lat' dir='ltr'><strong><em>et</em></strong></span> <span class='ocrx_word' id='word_1_33' title='bbox 806 720 1066 785; x_wconf 81' lang='lat' dir='ltr'><strong><em>dilucidissimam</em></strong></span> <span class='ocrx_word' id='word_1_34' title='bbox 1085 721 1217 793; x_wconf 78' lang='lat' dir='ltr'><strong><em>nabent,-</em></strong></span> <span class='ocrx_word' id='word_1_35' title='bbox 1235 723 1279 783; x_wconf 90' lang='lat' dir='ltr'><strong><em>ita</em></strong></span> <span class='ocrx_word' id='word_1_36' title='bbox 1294 729 1329 783; x_wconf 91' lang='lat' dir='ltr'><strong><em>ut</em></strong></span> 
     </span>
     <span class='ocr_line' id='line_1_5' title="bbox 151 831 1330 919; baseline -0.005 -21"><span class='ocrx_word' id='word_1_37' title='bbox 151 861 169 898; x_wconf 73' lang='lat' dir='ltr'><strong><em>u</em></strong></span> <span class='ocrx_word' id='word_1_38' title='bbox 184 855 243 919; x_wconf 90' lang='lat' dir='ltr'><strong><em>per</em></strong></span> <span class='ocrx_word' id='word_1_39' title='bbox 260 843 382 900; x_wconf 83' lang='lat' dir='ltr'><strong><em>nortem</em></strong></span> <span class='ocrx_word' id='word_1_40' title='bbox 399 835 462 905; x_wconf 88' lang='lat' dir='ltr'><strong><em>iu&#39;e,</em></strong></span> <span class='ocrx_word' id='word_1_41' title='bbox 481 832 595 897; x_wconf 82' lang='lat' dir='ltr'><strong><em>modice</em></strong></span> <span class='ocrx_word' id='word_1_42' title='bbox 614 833 856 903; x_wconf 84' lang='lat' dir='ltr'><strong><em>incrasseseens,</em></strong></span> <span class='ocrx_word' id='word_1_43' title='bbox 876 831 1005 896; x_wconf 86' lang='lat' dir='ltr'><strong><em>idoneus</em></strong></span> <span class='ocrx_word' id='word_1_44' title='bbox 1021 831 1062 894; x_wconf 88' lang='lat' dir='ltr'><strong><em>od</em></strong></span> <span class='ocrx_word' id='word_1_45' title='bbox 1078 849 1188 895; x_wconf 85' lang='lat' dir='ltr'><strong><em>rerum</em></strong></span> <span class='ocrx_word' id='word_1_46' title='bbox 1202 848 1330 911; x_wconf 82' lang='lat' dir='ltr'><strong><em>conspe-</em></strong></span> 
     </span>
     <span class='ocr_line' id='line_1_6' title="bbox 152 938 1331 1022; baseline -0.004 -15"><span class='ocrx_word' id='word_1_47' title='bbox 152 968 169 1007; x_wconf 72' lang='grc' dir='ltr'><em>ρ</em></span> <span class='ocrx_word' id='word_1_48' title='bbox 188 953 274 1010; x_wconf 88' lang='lat' dir='ltr'><strong><em>otum</em></strong></span> <span class='ocrx_word' id='word_1_49' title='bbox 290 942 458 1014; x_wconf 87' lang='lat' dir='ltr'><strong><em>reddatur,·</em></strong></span> <span class='ocrx_word' id='word_1_50' title='bbox 471 959 530 1022; x_wconf 85' lang='lat' dir='ltr'><strong><em>per</em></strong></span> <span class='ocrx_word' id='word_1_51' title='bbox 547 941 641 1013; x_wconf 91' lang='lat' dir='ltr'><strong><em>diem,</em></strong></span> <span class='ocrx_word' id='word_1_52' title='bbox 662 940 729 1003; x_wconf 83' lang='lat' dir='ltr'><strong><em>tuoe</em></strong></span> <span class='ocrx_word' id='word_1_53' title='bbox 742 938 898 1022; x_wconf 85' lang='lat' dir='ltr'><strong><em>prusiara</em></strong></span> <span class='ocrx_word' id='word_1_54' title='bbox 915 958 1014 1021; x_wconf 88' lang='lat' dir='ltr'><strong><em>supra</em></strong></span> <span class='ocrx_word' id='word_1_55' title='bbox 1033 941 1159 1004; x_wconf 88' lang='lat' dir='ltr'><strong><em>modum</em></strong></span> <span class='ocrx_word' id='word_1_56' title='bbox 1175 950 1331 1004; x_wconf 76' lang='lat' dir='ltr'><strong><em>extenuo-</em></strong></span> 
     </span>
     <span class='ocr_line' id='line_1_7' title="bbox 153 1047 1332 1134; baseline 0.001 -20"><span class='ocrx_word' id='word_1_57' title='bbox 153 1077 171 1114; x_wconf 78' lang='lat'><strong>»</strong></span> <span class='ocrx_word' id='word_1_58' title='bbox 189 1062 255 1127; x_wconf 91' lang='lat' dir='ltr'><strong><em>tus,</em></strong></span> <span class='ocrx_word' id='word_1_59' title='bbox 285 1051 487 1134; x_wconf 74' lang='lat' dir='ltr'><strong><em>expandatur</em></strong></span> <span class='ocrx_word' id='word_1_60' title='bbox 514 1058 544 1113; x_wconf 88' lang='lat' dir='ltr'><strong><em>et</em></strong></span> <span class='ocrx_word' id='word_1_61' title='bbox 572 1058 746 1114; x_wconf 81' lang='lat' dir='ltr'><strong><em>evanescat.</em></strong></span> <span class='ocrx_word' id='word_1_62' title='bbox 770 1047 981 1125; x_wconf 80' lang='lat' dir='ltr'><strong><em>Quamobrem</em></strong></span> <span class='ocrx_word' id='word_1_63' title='bbox 999 1050 1115 1115; x_wconf 85' lang='lat' dir='ltr'><strong><em>Leones</em></strong></span> <span class='ocrx_word' id='word_1_64' title='bbox 1135 1070 1258 1133; x_wconf 92' lang='lat' dir='ltr'><strong><em>quoque</em></strong></span> <span class='ocrx_word' id='word_1_65' title='bbox 1273 1070 1332 1132; x_wconf 88' lang='lat' dir='ltr'><strong><em>per</em></strong></span> 
     </span>
     <span class='ocr_line' id='line_1_8' title="bbox 153 1161 1332 1244; baseline 0.001 -19"><span class='ocrx_word' id='word_1_66' title='bbox 153 1186 170 1225; x_wconf 79' lang='lat' dir='ltr'><strong><em>n</em></strong></span> <span class='ocrx_word' id='word_1_67' title='bbox 191 1162 293 1229; x_wconf 82' lang='lat' dir='ltr'><strong><em>Solem</em></strong></span> <span class='ocrx_word' id='word_1_68' title='bbox 309 1161 433 1244; x_wconf 85' lang='lat' dir='ltr'><strong><em>inqredi</em></strong></span> <span class='ocrx_word' id='word_1_69' title='bbox 449 1162 603 1226; x_wconf 85' lang='lat' dir='ltr'><strong><em>aeriorem</em></strong></span> <span class='ocrx_word' id='word_1_70' title='bbox 621 1179 685 1225; x_wconf 90' lang='lat' dir='ltr'><strong><em>non</em></strong></span> <span class='ocrx_word' id='word_1_71' title='bbox 700 1163 888 1243; x_wconf 74' lang='lat' dir='ltr'><strong><em>patiuntur:</em></strong></span> <span class='ocrx_word' id='word_1_72' title='bbox 905 1170 980 1224; x_wconf 89' lang='lat' dir='ltr'><strong><em>sunt</em></strong></span> <span class='ocrx_word' id='word_1_73' title='bbox 998 1164 1159 1226; x_wconf 88' lang='lat' dir='ltr'><strong><em>enimaeie</em></strong></span> <span class='ocrx_word' id='word_1_74' title='bbox 1170 1163 1332 1228; x_wconf 81' lang='lat' dir='ltr'><strong><em>oeniorum</em></strong></span> 
     </span>
     <span class='ocr_line' id='line_1_9' title="bbox 154 1269 1332 1354; baseline 0.004 -22"><span class='ocrx_word' id='word_1_75' title='bbox 154 1294 172 1332; x_wconf 83' lang='lat' dir='ltr'><strong><em>u</em></strong></span> <span class='ocrx_word' id='word_1_76' title='bbox 191 1270 401 1344; x_wconf 72' lang='lat' dir='ltr'><strong><em>acutiuscula,</em></strong></span> <span class='ocrx_word' id='word_1_77' title='bbox 419 1278 449 1333; x_wconf 87' lang='lat' dir='ltr'><strong><em>et</em></strong></span> <span class='ocrx_word' id='word_1_78' title='bbox 465 1272 576 1352; x_wconf 88' lang='lat' dir='ltr'><strong><em>iqnem-</em></strong></span> <span class='ocrx_word' id='word_1_79' title='bbox 587 1271 727 1335; x_wconf 83' lang='lat' dir='ltr'><strong><em>interdiu</em></strong></span> <span class='ocrx_word' id='word_1_80' title='bbox 744 1269 781 1334; x_wconf 83' lang='lat' dir='ltr'><strong><em>ob</em></strong></span> <span class='ocrx_word' id='word_1_81' title='bbox 800 1289 869 1334; x_wconf 90' lang='lat' dir='ltr'><strong><em>eam</em></strong></span> <span class='ocrx_word' id='word_1_82' title='bbox 886 1289 952 1334; x_wconf 88' lang='lat' dir='ltr'><strong><em>rem</em></strong></span> <span class='ocrx_word' id='word_1_83' title='bbox 969 1273 1110 1354; x_wconf 74' lang='lat' dir='ltr'><strong><em>suqinnt.</em></strong></span> <span class='ocrx_word' id='word_1_84' title='bbox 1124 1272 1332 1349; x_wconf 62' lang='lat' dir='ltr'><strong><em>constanta-</em></strong></span> 
     </span>
     <span class='ocr_line' id='line_1_10' title="bbox 155 1378 1332 1467; baseline 0.003 -25"><span class='ocrx_word' id='word_1_85' title='bbox 155 1405 174 1442; x_wconf 89' lang='lat'>»</span> <span class='ocrx_word' id='word_1_86' title='bbox 194 1383 253 1446; x_wconf 75' lang='lat' dir='ltr'><strong><em>nm</em></strong></span> <span class='ocrx_word' id='word_1_87' title='bbox 270 1380 382 1445; x_wconf 80' lang='lat' dir='ltr'><strong><em>Leonis</em></strong></span> <span class='ocrx_word' id='word_1_88' title='bbox 399 1381 498 1445; x_wconf 90' lang='lat' dir='ltr'><strong><em>aeiem</em></strong></span> <span class='ocrx_word' id='word_1_89' title='bbox 515 1378 594 1467; x_wconf 50' lang='lat' dir='ltr'><strong><em>essej,</em></strong></span> <span class='ocrx_word' id='word_1_90' title='bbox 614 1388 800 1461; x_wconf 88' lang='lat' dir='ltr'><strong><em>arqumento</em></strong></span> <span class='ocrx_word' id='word_1_91' title='bbox 815 1381 956 1463; x_wconf 78' lang='lat' dir='ltr'><strong><em>pupilla,</em></strong></span> <span class='ocrx_word' id='word_1_92' title='bbox 968 1400 1038 1462; x_wconf 81' lang='lat' dir='ltr'><strong><em>qua</em></strong></span> <span class='ocrx_word' id='word_1_93' title='bbox 1047 1382 1228 1464; x_wconf 81' lang='lat' dir='ltr'><strong><em>proesuiqet;</em></strong></span> <span class='ocrx_word' id='word_1_94' title='bbox 1238 1391 1332 1464; x_wconf 84' lang='lat' dir='ltr'><strong><em>atque</em></strong></span> 
     </span>
     <span class='ocr_line' id='line_1_11' title="bbox 154 1489 1332 1573; baseline 0.001 -19"><span class='ocrx_word' id='word_1_95' title='bbox 154 1515 172 1554; x_wconf 79' lang='lat' dir='ltr'><strong><em>u</em></strong></span> <span class='ocrx_word' id='word_1_96' title='bbox 193 1495 287 1556; x_wconf 87' lang='lat' dir='ltr'><strong><em>etiam</em></strong></span> <span class='ocrx_word' id='word_1_97' title='bbox 302 1492 402 1572; x_wconf 85' lang='lat' dir='ltr'><strong><em>partis</em></strong></span> <span class='ocrx_word' id='word_1_98' title='bbox 420 1490 555 1554; x_wconf 78' lang='lat' dir='ltr'><strong><em>humida</em></strong></span> <span class='ocrx_word' id='word_1_99' title='bbox 573 1489 746 1564; x_wconf 79' lang='lat' dir='ltr'><strong><em>acutorum,</em></strong></span> <span class='ocrx_word' id='word_1_100' title='bbox 768 1509 838 1572; x_wconf 81' lang='lat' dir='ltr'><strong><em>qum</em></strong></span> <span class='ocrx_word' id='word_1_101' title='bbox 858 1490 1082 1554; x_wconf 78' lang='lat' dir='ltr'><strong><em>dilucidissime</em></strong></span> <span class='ocrx_word' id='word_1_102' title='bbox 1100 1498 1154 1553; x_wconf 83' lang='lat' dir='ltr'><strong><em>est.</em></strong></span> <span class='ocrx_word' id='word_1_103' title='bbox 1167 1513 1184 1551; x_wconf 90' lang='lat'>»</span> <span class='ocrx_word' id='word_1_104' title='bbox 1196 1490 1240 1554; x_wconf 79' lang='lat' dir='ltr'><strong><em>m</em></strong></span> <span class='ocrx_word' id='word_1_105' title='bbox 1254 1510 1332 1573; x_wconf 90' lang='lat' dir='ltr'><strong><em>pro-</em></strong></span> 
     </span>
     <span class='ocr_line' id='line_1_12' title="bbox 154 1587 1334 1674; baseline -0.002 -16"><span class='ocrx_word' id='word_1_106' title='bbox 154 1595 279 1658; x_wconf 76' lang='lat' dir='ltr'><strong><em>blemate</em></strong></span> <span class='ocrx_word' id='word_1_107' title='bbox 298 1593 351 1665; x_wconf 79' lang='lat'><strong><em>59,</em></strong></span> <span class='ocrx_word' id='word_1_108' title='bbox 370 1591 426 1657; x_wconf 82' lang='lat' dir='ltr'><strong><em>udi</em></strong></span> <span class='ocrx_word' id='word_1_109' title='bbox 443 1593 563 1674; x_wconf 88' lang='lat' dir='ltr'><strong><em>iuquit:</em></strong></span> <span class='ocrx_word' id='word_1_110' title='bbox 584 1614 601 1651; x_wconf 81' lang='lat' dir='ltr'><strong><em>a</em></strong></span> <span class='ocrx_word' id='word_1_111' title='bbox 626 1587 749 1666; x_wconf 80' lang='lat' dir='ltr'><strong><em>Quare,</em></strong></span> <span class='ocrx_word' id='word_1_112' title='bbox 768 1611 841 1655; x_wconf 89' lang='lat' dir='ltr'><strong><em>eum</em></strong></span> <span class='ocrx_word' id='word_1_113' title='bbox 854 1611 913 1673; x_wconf 86' lang='lat' dir='ltr'><strong><em>per</em></strong></span> <span class='ocrx_word' id='word_1_114' title='bbox 931 1600 1051 1657; x_wconf 85' lang='lat' dir='ltr'><strong><em>noctem</em></strong></span> <span class='ocrx_word' id='word_1_115' title='bbox 1069 1595 1153 1657; x_wconf 87' lang='lat' dir='ltr'><strong><em>inter</em></strong></span> <span class='ocrx_word' id='word_1_116' title='bbox 1175 1593 1334 1657; x_wconf 83' lang='lat' dir='ltr'><strong><em>dormien-</em></strong></span> 
     </span>
     <span class='ocr_line' id='line_1_13' title="bbox 154 1702 1334 1784; baseline -0.003 -16"><span class='ocrx_word' id='word_1_117' title='bbox 154 1706 265 1770; x_wconf 80' lang='lat' dir='ltr'><strong><em>udnm</em></strong></span> <span class='ocrx_word' id='word_1_118' title='bbox 283 1702 386 1768; x_wconf 79' lang='lat' dir='ltr'><strong><em>ocutos</em></strong></span> <span class='ocrx_word' id='word_1_119' title='bbox 402 1710 526 1784; x_wconf 85' lang='lat' dir='ltr'><strong><em>repente</em></strong></span> <span class='ocrx_word' id='word_1_120' title='bbox 543 1703 716 1783; x_wconf 85' lang='lat' dir='ltr'><strong><em>operimus,</em></strong></span> <span class='ocrx_word' id='word_1_121' title='bbox 741 1702 840 1765; x_wconf 81' lang='lat' dir='ltr'><strong><em>iucem</em></strong></span> <span class='ocrx_word' id='word_1_122' title='bbox 867 1704 1071 1784; x_wconf 58' lang='lat' dir='ltr'><strong><em>percipimus·</em></strong></span> <span class='ocrx_word' id='word_1_123' title='bbox 1100 1703 1176 1783; x_wconf 89' lang='lat' dir='ltr'><strong><em>quia</em></strong></span> <span class='ocrx_word' id='word_1_124' title='bbox 1204 1704 1334 1783; x_wconf 85' lang='lat' dir='ltr'><strong><em>spiritus</em></strong></span> 
     </span>
     <span class='ocr_line' id='line_1_14' title="bbox 155 1814 1333 1898; baseline -0.004 -17"><span class='ocrx_word' id='word_1_125' title='bbox 155 1817 329 1891; x_wconf 71' lang='lat' dir='ltr'><strong><em>stridendi,</em></strong></span> <span class='ocrx_word' id='word_1_126' title='bbox 349 1823 475 1880; x_wconf 89' lang='lat' dir='ltr'><strong><em>eoaotus</em></strong></span> <span class='ocrx_word' id='word_1_127' title='bbox 492 1814 761 1898; x_wconf 75' lang='lat' dir='ltr'><strong><em>amplificatusque</em></strong></span> <span class='ocrx_word' id='word_1_128' title='bbox 780 1817 815 1878; x_wconf 91' lang='lat' dir='ltr'><strong><em>in</em></strong></span> <span class='ocrx_word' id='word_1_129' title='bbox 833 1814 1031 1887; x_wconf 87' lang='lat' dir='ltr'><strong><em>dormiendo,</em></strong></span> <span class='ocrx_word' id='word_1_130' title='bbox 1054 1817 1221 1878; x_wconf 83' lang='lat' dir='ltr'><strong><em>uniuersus</em></strong></span> <span class='ocrx_word' id='word_1_131' title='bbox 1244 1815 1333 1895; x_wconf 82' lang='lat' dir='ltr'><strong><em>larqa</em></strong></span> 
     </span>
     <span class='ocr_line' id='line_1_15' title="bbox 155 1923 1336 2011; baseline -0.003 -21"><span class='ocrx_word' id='word_1_132' title='bbox 155 1953 172 1990; x_wconf 69' lang='lat' dir='ltr'><strong><em>n</em></strong></span> <span class='ocrx_word' id='word_1_133' title='bbox 191 1930 278 2011; x_wconf 86' lang='lat' dir='ltr'><strong><em>eopia</em></strong></span> <span class='ocrx_word' id='word_1_134' title='bbox 304 1927 441 2007; x_wconf 83' lang='lat' dir='ltr'><strong><em>erumpit</em></strong></span> <span class='ocrx_word' id='word_1_135' title='bbox 464 1943 525 2006; x_wconf 85' lang='lat' dir='ltr'><strong><em>per</em></strong></span> <span class='ocrx_word' id='word_1_136' title='bbox 544 1923 686 1989; x_wconf 81' lang='lat' dir='ltr'><strong><em>tenebras</em></strong></span> <span class='ocrx_word' id='word_1_137' title='bbox 704 1933 797 2006; x_wconf 87' lang='lat' dir='ltr'><strong><em>atque</em></strong></span> <span class='ocrx_word' id='word_1_138' title='bbox 816 1924 930 1996; x_wconf 75' lang='lat' dir='ltr'><strong><em>elueet3</em></strong></span> <span class='ocrx_word' id='word_1_139' title='bbox 947 1925 1054 2006; x_wconf 88' lang='lat' dir='ltr'><strong><em>itaque</em></strong></span> <span class='ocrx_word' id='word_1_140' title='bbox 1072 1927 1203 2007; x_wconf 85' lang='lat' dir='ltr'><strong><em>speeiem</em></strong></span> <span class='ocrx_word' id='word_1_141' title='bbox 1221 1943 1336 2006; x_wconf 92' lang='lat' dir='ltr'><strong><em>quam-</em></strong></span> 
     </span>
     <span class='ocr_line' id='line_1_16' title="bbox 155 2034 1335 2120; baseline -0.003 -17"><span class='ocrx_word' id='word_1_142' title='bbox 155 2040 263 2104; x_wconf 82' lang='lat' dir='ltr'><strong><em>»dam</em></strong></span> <span class='ocrx_word' id='word_1_143' title='bbox 282 2038 359 2102; x_wconf 85' lang='lat' dir='ltr'><strong><em>lueis</em></strong></span> <span class='ocrx_word' id='word_1_144' title='bbox 375 2037 488 2101; x_wconf 85' lang='lat' dir='ltr'><strong><em>merito</em></strong></span> <span class='ocrx_word' id='word_1_145' title='bbox 502 2044 601 2117; x_wconf 86' lang='lat' dir='ltr'><strong><em>potest</em></strong></span> <span class='ocrx_word' id='word_1_146' title='bbox 619 2037 804 2118; x_wconf 85' lang='lat' dir='ltr'><strong><em>conspicari.</em></strong></span> <span class='ocrx_word' id='word_1_147' title='bbox 826 2057 842 2096; x_wconf 80' lang='lat' dir='ltr'><strong><em>u</em></strong></span> <span class='ocrx_word' id='word_1_148' title='bbox 863 2034 970 2116; x_wconf 86' lang='lat' dir='ltr'><strong><em>Neque</em></strong></span> <span class='ocrx_word' id='word_1_149' title='bbox 996 2045 1163 2120; x_wconf 83' lang='lat' dir='ltr'><strong><em>propterea</em></strong></span> <span class='ocrx_word' id='word_1_150' title='bbox 1191 2037 1335 2117; x_wconf 87' lang='lat' dir='ltr'><strong><em>sequitur</em></strong></span> 
     </span>
     <span class='ocr_line' id='line_1_17' title="bbox 154 2146 1334 2229; baseline -0.001 -18"><span class='ocrx_word' id='word_1_151' title='bbox 154 2166 196 2213; x_wconf 78' lang='lat' dir='ltr'><strong><em>eu</em></strong></span> <span class='ocrx_word' id='word_1_152' title='bbox 213 2148 271 2210; x_wconf 80' lang='lat' dir='ltr'><strong><em>uae</em></strong></span> <span class='ocrx_word' id='word_1_153' title='bbox 288 2148 458 2220; x_wconf 88' lang='lat' dir='ltr'><strong><em>sententia,</em></strong></span> <span class='ocrx_word' id='word_1_154' title='bbox 477 2147 627 2209; x_wconf 78' lang='lat' dir='ltr'><strong><em>visionem</em></strong></span> <span class='ocrx_word' id='word_1_155' title='bbox 647 2147 714 2229; x_wconf 69' lang='lat' dir='ltr'><strong><em>fieri</em></strong></span> <span class='ocrx_word' id='word_1_156' title='bbox 732 2153 824 2208; x_wconf 77' lang='lat' dir='ltr'><strong><em>rutro</em></strong></span> <span class='ocrx_word' id='word_1_157' title='bbox 839 2146 1002 2219; x_wconf 89' lang='lat' dir='ltr'><strong><em>mittendo,</em></strong></span> <span class='ocrx_word' id='word_1_158' title='bbox 1014 2154 1057 2218; x_wconf 87' lang='lat' dir='ltr'><strong><em>et,</em></strong></span> <span class='ocrx_word' id='word_1_159' title='bbox 1071 2164 1112 2209; x_wconf 79' lang='lat' dir='ltr'><strong><em>ex</em></strong></span> <span class='ocrx_word' id='word_1_160' title='bbox 1124 2149 1334 2227; x_wconf 81' lang='lat' dir='ltr'><strong><em>consequenti,</em></strong></span> 
     </span>
     <span class='ocr_line' id='line_1_18' title="bbox 155 2242 1336 2337; baseline -0.002 -16"><span class='ocrx_word' id='word_1_161' title='bbox 155 2260 193 2321; x_wconf 89' lang='lat' dir='ltr'><strong><em>in</em></strong></span> <span class='ocrx_word' id='word_1_162' title='bbox 210 2265 358 2337; x_wconf 81' lang='lat' dir='ltr'><strong><em>ternpore:</em></strong></span> <span class='ocrx_word' id='word_1_163' title='bbox 374 2273 440 2320; x_wconf 86' lang='lat' dir='ltr'><strong><em>nou</em></strong></span> <span class='ocrx_word' id='word_1_164' title='bbox 456 2242 540 2319; x_wconf 88' lang='lat' dir='ltr'><strong><em>enim</em></strong></span> <span class='ocrx_word' id='word_1_165' title='bbox 559 2272 678 2318; x_wconf 86' lang='lat' dir='ltr'><strong><em>neeesse</em></strong></span> <span class='ocrx_word' id='word_1_166' title='bbox 708 2263 766 2327; x_wconf 82' lang='lat' dir='ltr'><strong><em>est,</em></strong></span> <span class='ocrx_word' id='word_1_167' title='bbox 796 2255 899 2318; x_wconf 84' lang='lat' dir='ltr'><strong><em>radios</em></strong></span> <span class='ocrx_word' id='word_1_168' title='bbox 928 2258 1042 2320; x_wconf 82' lang='lat' dir='ltr'><strong><em>uisioos</em></strong></span> <span class='ocrx_word' id='word_1_169' title='bbox 1071 2275 1131 2319; x_wconf 86' lang='lat' dir='ltr'><strong><em>sua</em></strong></span> <span class='ocrx_word' id='word_1_170' title='bbox 1159 2256 1336 2321; x_wconf 82' lang='lat' dir='ltr'><strong><em>substantia</em></strong></span> 
     </span>
     <span class='ocr_line' id='line_1_19' title="bbox 156 2365 1337 2448; baseline -0.003 -17"><span class='ocrx_word' id='word_1_171' title='bbox 156 2375 253 2448; x_wconf 85' lang='lat' dir='ltr'><strong><em>atquo</em></strong></span> <span class='ocrx_word' id='word_1_172' title='bbox 270 2382 416 2447; x_wconf 74' lang='lat' dir='ltr'><strong><em>corporea</em></strong></span> <span class='ocrx_word' id='word_1_173' title='bbox 431 2365 507 2429; x_wconf 86' lang='lat' dir='ltr'><strong><em>mate</em></strong></span> <span class='ocrx_word' id='word_1_174' title='bbox 525 2365 567 2428; x_wconf 89' lang='lat' dir='ltr'><strong><em>od</em></strong></span> <span class='ocrx_word' id='word_1_175' title='bbox 584 2383 652 2428; x_wconf 91' lang='lat' dir='ltr'><strong><em>rem</em></strong></span> <span class='ocrx_word' id='word_1_176' title='bbox 669 2366 803 2428; x_wconf 83' lang='lat' dir='ltr'><strong><em>visivam</em></strong></span> <span class='ocrx_word' id='word_1_177' title='bbox 821 2383 919 2446; x_wconf 88' lang='lat' dir='ltr'><strong><em>usque</em></strong></span> <span class='ocrx_word' id='word_1_178' title='bbox 935 2366 1096 2446; x_wconf 71' lang='lat' dir='ltr'><strong><em>protendi·</em></strong></span> <span class='ocrx_word' id='word_1_179' title='bbox 1109 2367 1163 2429; x_wconf 91' lang='lat' dir='ltr'><strong><em>sed</em></strong></span> <span class='ocrx_word' id='word_1_180' title='bbox 1178 2366 1245 2431; x_wconf 85' lang='lat' dir='ltr'><strong><em>luce</em></strong></span> <span class='ocrx_word' id='word_1_181' title='bbox 1263 2375 1337 2430; x_wconf 89' lang='lat' dir='ltr'><strong><em>tan-</em></strong></span> 
     </span>
     <span class='ocr_line' id='line_1_20' title="bbox 103 2472 1336 2559; baseline 0 -19"><span class='ocrx_word' id='word_1_182' title='bbox 103 2472 108 2479; x_wconf 80' lang='grc'><strong>’</strong></span> <span class='ocrx_word' id='word_1_183' title='bbox 157 2482 346 2557; x_wconf 70' lang='lat' dir='ltr'><strong><em>tomosque</em></strong></span> <span class='ocrx_word' id='word_1_184' title='bbox 361 2475 519 2557; x_wconf 78' lang='lat' dir='ltr'><strong><em>spirituaii</em></strong></span> <span class='ocrx_word' id='word_1_185' title='bbox 536 2474 701 2556; x_wconf 81' lang='lat' dir='ltr'><strong><em>qualitate,</em></strong></span> <span class='ocrx_word' id='word_1_186' title='bbox 721 2476 812 2556; x_wconf 64' lang='lat' dir='ltr'><strong><em>cuius</em></strong></span> <span class='ocrx_word' id='word_1_187' title='bbox 827 2475 996 2556; x_wconf 82' lang='lat' dir='ltr'><strong><em>productio</em></strong></span> <span class='ocrx_word' id='word_1_188' title='bbox 1010 2493 1065 2538; x_wconf 87' lang='lat' dir='ltr'><strong><em>nse</em></strong></span> <span class='ocrx_word' id='word_1_189' title='bbox 1082 2486 1276 2556; x_wconf 88' lang='lat' dir='ltr'><strong><em>permotum</em></strong></span> <span class='ocrx_word' id='word_1_190' title='bbox 1292 2481 1336 2559; x_wconf 78' lang='lat' dir='ltr'><strong><em>fit,</em></strong></span> 
     </span>
     <span class='ocr_line' id='line_1_21' title="bbox 156 2582 1337 2667; baseline -0.001 -16"><span class='ocrx_word' id='word_1_191' title='bbox 156 2605 213 2651; x_wconf 86' lang='lat' dir='ltr'><strong><em>nee</em></strong></span> <span class='ocrx_word' id='word_1_192' title='bbox 230 2587 266 2649; x_wconf 91' lang='lat' dir='ltr'><strong><em>in</em></strong></span> <span class='ocrx_word' id='word_1_193' title='bbox 284 2595 426 2667; x_wconf 86' lang='lat' dir='ltr'><strong><em>tempore.</em></strong></span> <span class='ocrx_word' id='word_1_194' title='bbox 442 2582 626 2648; x_wconf 76' lang='lat' dir='ltr'><strong><em>Necessaria</em></strong></span> <span class='ocrx_word' id='word_1_195' title='bbox 642 2593 748 2647; x_wconf 89' lang='lat' dir='ltr'><strong><em>autem</em></strong></span> <span class='ocrx_word' id='word_1_196' title='bbox 766 2593 811 2647; x_wconf 89' lang='lat' dir='ltr'><strong><em>est</em></strong></span> <span class='ocrx_word' id='word_1_197' title='bbox 831 2585 902 2648; x_wconf 84' lang='lat' dir='ltr'><strong><em>talis</em></strong></span> <span class='ocrx_word' id='word_1_198' title='bbox 922 2584 1002 2649; x_wconf 87' lang='lat' dir='ltr'><strong><em>iueis</em></strong></span> <span class='ocrx_word' id='word_1_199' title='bbox 1013 2587 1194 2667; x_wconf 82' lang='lat' dir='ltr'><strong><em>productio,</em></strong></span> <span class='ocrx_word' id='word_1_200' title='bbox 1212 2594 1248 2649; x_wconf 89' lang='lat' dir='ltr'><strong><em>ut</em></strong></span> <span class='ocrx_word' id='word_1_201' title='bbox 1260 2587 1337 2650; x_wconf 85' lang='lat' dir='ltr'><strong><em>visio</em></strong></span> 
     </span>
     <span class='ocr_line' id='line_1_22' title="bbox 155 2694 1338 2781; baseline 0 -21"><span class='ocrx_word' id='word_1_202' title='bbox 155 2701 209 2781; x_wconf 63' lang='lat' dir='ltr'><strong><em>fiat</em></strong></span> <span class='ocrx_word' id='word_1_203' title='bbox 224 2697 315 2760; x_wconf 88' lang='lat' dir='ltr'><strong><em>intra</em></strong></span> <span class='ocrx_word' id='word_1_204' title='bbox 330 2694 493 2767; x_wconf 90' lang='lat' dir='ltr'><strong><em>mittendo,</em></strong></span> <span class='ocrx_word' id='word_1_205' title='bbox 512 2712 577 2757; x_wconf 89' lang='lat' dir='ltr'><strong><em>non</em></strong></span> <span class='ocrx_word' id='word_1_206' title='bbox 595 2703 688 2758; x_wconf 82' lang='lat' dir='ltr'><strong><em>rutra</em></strong></span> <span class='ocrx_word' id='word_1_207' title='bbox 707 2713 806 2778; x_wconf 90' lang='lat' dir='ltr'><strong><em>neque</em></strong></span> <span class='ocrx_word' id='word_1_208' title='bbox 825 2697 939 2769; x_wconf 89' lang='lat' dir='ltr'><strong><em>medio,</em></strong></span> <span class='ocrx_word' id='word_1_209' title='bbox 959 2705 1053 2778; x_wconf 88' lang='lat' dir='ltr'><strong><em>atque</em></strong></span> <span class='ocrx_word' id='word_1_210' title='bbox 1067 2697 1242 2779; x_wconf 80' lang='lat' dir='ltr'><strong><em>perspicuis</em></strong></span> <span class='ocrx_word' id='word_1_211' title='bbox 1257 2697 1338 2761; x_wconf 85' lang='lat' dir='ltr'><strong><em>ocuii</em></strong></span> 
     </span>
     <span class='ocr_line' id='line_1_23' title="bbox 150 2803 1338 2890; baseline -0.002 -19"><span class='ocrx_word' id='word_1_212' title='bbox 150 2806 296 2890; x_wconf 77' lang='lat' dir='ltr'><strong><em>partibus</em></strong></span> <span class='ocrx_word' id='word_1_213' title='bbox 313 2805 509 2870; x_wconf 82' lang='lat' dir='ltr'><strong><em>iiiuminatis.</em></strong></span> <span class='ocrx_word' id='word_1_214' title='bbox 527 2803 572 2867; x_wconf 83' lang='lat' dir='ltr'><strong><em>Et</em></strong></span> <span class='ocrx_word' id='word_1_215' title='bbox 590 2806 670 2869; x_wconf 77' lang='lat' dir='ltr'><strong><em>nane</em></strong></span> <span class='ocrx_word' id='word_1_216' title='bbox 688 2805 813 2887; x_wconf 89' lang='lat' dir='ltr'><strong><em>quidem</em></strong></span> <span class='ocrx_word' id='word_1_217' title='bbox 832 2807 1042 2870; x_wconf 73' lang='lat' dir='ltr'><strong><em>existimarim</em></strong></span> <span class='ocrx_word' id='word_1_218' title='bbox 1065 2824 1194 2870; x_wconf 89' lang='lat' dir='ltr'><strong><em>oausam</em></strong></span> <span class='ocrx_word' id='word_1_219' title='bbox 1215 2825 1338 2880; x_wconf 86' lang='lat' dir='ltr'><strong><em>eorum,</em></strong></span> 
     </span>
     <span class='ocr_line' id='line_1_24' title="bbox 157 2913 1339 2998; baseline 0.001 -18"><span class='ocrx_word' id='word_1_220' title='bbox 157 2933 226 2998; x_wconf 80' lang='lat' dir='ltr'><strong><em>quo</em></strong></span> <span class='ocrx_word' id='word_1_221' title='bbox 242 2923 338 2980; x_wconf 87' lang='lat' dir='ltr'><strong><em>noetu</em></strong></span> <span class='ocrx_word' id='word_1_222' title='bbox 353 2913 491 2997; x_wconf 63' lang='lat' dir='ltr'><strong><em>{uquam</em></strong></span> <span class='ocrx_word' id='word_1_223' title='bbox 508 2915 640 2996; x_wconf 82' lang='lat' dir='ltr'><strong><em>copiam,</em></strong></span> <span class='ocrx_word' id='word_1_224' title='bbox 661 2914 788 2988; x_wconf 79' lang='lat' dir='ltr'><strong><em>seilicet,</em></strong></span> <span class='ocrx_word' id='word_1_225' title='bbox 808 2917 934 2980; x_wconf 67' lang='lat' dir='ltr'><strong><em>&lt;etherei</em></strong></span> <span class='ocrx_word' id='word_1_226' title='bbox 952 2917 1034 2980; x_wconf 81' lang='lat' dir='ltr'><strong><em>iltius</em></strong></span> <span class='ocrx_word' id='word_1_227' title='bbox 1052 2918 1196 2998; x_wconf 85' lang='lat' dir='ltr'><strong><em>spiritus,</em></strong></span> <span class='ocrx_word' id='word_1_228' title='bbox 1216 2919 1271 2998; x_wconf 89' lang='lat' dir='ltr'><strong><em>qui</em></strong></span> <span class='ocrx_word' id='word_1_229' title='bbox 1281 2935 1339 2998; x_wconf 88' lang='lat' dir='ltr'><strong><em>per</em></strong></span> 
     </span>
     <span class='ocr_line' id='line_1_25' title="bbox 157 3023 1339 3108; baseline -0.003 -17"><span class='ocrx_word' id='word_1_230' title='bbox 157 3029 265 3092; x_wconf 89' lang='lat' dir='ltr'><strong><em>omnia</em></strong></span> <span class='ocrx_word' id='word_1_231' title='bbox 280 3023 415 3108; x_wconf 66' lang='lat' dir='ltr'><strong><em>diffusus</em></strong></span> <span class='ocrx_word' id='word_1_232' title='bbox 433 3034 491 3097; x_wconf 90' lang='lat' dir='ltr'><strong><em>est,</em></strong></span> <span class='ocrx_word' id='word_1_233' title='bbox 511 3025 596 3088; x_wconf 84' lang='lat' dir='ltr'><strong><em>eiuro</em></strong></span> <span class='ocrx_word' id='word_1_234' title='bbox 613 3033 708 3105; x_wconf 88' lang='lat' dir='ltr'><strong><em>atque</em></strong></span> <span class='ocrx_word' id='word_1_235' title='bbox 727 3025 885 3106; x_wconf 77' lang='lat' dir='ltr'><strong><em>diophane</em></strong></span> <span class='ocrx_word' id='word_1_236' title='bbox 897 3029 1032 3107; x_wconf 83' lang='lat' dir='ltr'><strong><em>corpori,</em></strong></span> <span class='ocrx_word' id='word_1_237' title='bbox 1044 3027 1135 3108; x_wconf 86' lang='lat' dir='ltr'><strong><em>quate</em></strong></span> <span class='ocrx_word' id='word_1_238' title='bbox 1147 3034 1192 3089; x_wconf 90' lang='lat' dir='ltr'><strong><em>est</em></strong></span> <span class='ocrx_word' id='word_1_239' title='bbox 1201 3044 1339 3106; x_wconf 89' lang='lat' dir='ltr'><strong><em>aqueum</em></strong></span> 
     </span>
     <span class='ocr_line' id='line_1_26' title="bbox 160 3133 1340 3217; baseline 0 -17"><span class='ocrx_word' id='word_1_240' title='bbox 160 3138 208 3200; x_wconf 86' lang='lat' dir='ltr'><strong><em>oet</em></strong></span> <span class='ocrx_word' id='word_1_241' title='bbox 221 3152 363 3209; x_wconf 73' lang='lat' dir='ltr'><strong><em>mmmm,</em></strong></span> <span class='ocrx_word' id='word_1_242' title='bbox 390 3133 561 3208; x_wconf 78' lang='lat' dir='ltr'><strong><em>inclusum,</em></strong></span> <span class='ocrx_word' id='word_1_243' title='bbox 587 3134 636 3198; x_wconf 87' lang='lat' dir='ltr'><strong><em>uei</em></strong></span> <span class='ocrx_word' id='word_1_244' title='bbox 661 3135 887 3198; x_wconf 71' lang='lat' dir='ltr'><strong><em>admixtionem</em></strong></span> <span class='ocrx_word' id='word_1_245' title='bbox 912 3137 1011 3216; x_wconf 80' lang='lat' dir='ltr'><strong><em>iqneu</em></strong></span> <span class='ocrx_word' id='word_1_246' title='bbox 1028 3137 1196 3217; x_wconf 75' lang='lat' dir='ltr'><strong><em>portionis3</em></strong></span> <span class='ocrx_word' id='word_1_247' title='bbox 1214 3155 1287 3200; x_wconf 88' lang='lat' dir='ltr'><strong><em>eum</em></strong></span> <span class='ocrx_word' id='word_1_248' title='bbox 1305 3138 1340 3200; x_wconf 92' lang='lat' dir='ltr'><strong><em>in</em></strong></span> 
     </span>
     <span class='ocr_line' id='line_1_27' title="bbox 160 3244 1338 3328; baseline -0.002 -18"><span class='ocrx_word' id='word_1_249' title='bbox 160 3245 418 3328; x_wconf 63' lang='lat' dir='ltr'><strong><em>murmuriosum</em></strong></span> <span class='ocrx_word' id='word_1_250' title='bbox 436 3244 532 3326; x_wconf 77' lang='lat' dir='ltr'><strong><em>isujus</em></strong></span> <span class='ocrx_word' id='word_1_251' title='bbox 554 3247 680 3309; x_wconf 71' lang='lat' dir='ltr'><strong><em>utiensi</em></strong></span> <span class='ocrx_word' id='word_1_252' title='bbox 709 3255 802 3326; x_wconf 89' lang='lat' dir='ltr'><strong><em>atque</em></strong></span> <span class='ocrx_word' id='word_1_253' title='bbox 833 3245 960 3309; x_wconf 85' lang='lat' dir='ltr'><strong><em>ouiestis</em></strong></span> <span class='ocrx_word' id='word_1_254' title='bbox 986 3247 1116 3328; x_wconf 85' lang='lat' dir='ltr'><strong><em>spiritns</em></strong></span> <span class='ocrx_word' id='word_1_255' title='bbox 1146 3249 1245 3310; x_wconf 86' lang='lat' dir='ltr'><strong><em>inesse</em></strong></span> <span class='ocrx_word' id='word_1_256' title='bbox 1266 3246 1338 3326; x_wconf 81' lang='lat' dir='ltr'><strong><em>jam</em></strong></span> 
     </span>
     <span class='ocr_line' id='line_1_28' title="bbox 158 3353 1339 3439; baseline -0.002 -18"><span class='ocrx_word' id='word_1_257' title='bbox 158 3356 259 3439; x_wconf 69' lang='lat' dir='ltr'><strong><em>[nemi</em></strong></span> <span class='ocrx_word' id='word_1_258' title='bbox 284 3355 544 3428; x_wconf 64' lang='lat' dir='ltr'><strong><em>ammiratum:</em></strong></span> <span class='ocrx_word' id='word_1_259' title='bbox 569 3357 713 3438; x_wconf 72' lang='lat' dir='ltr'><strong><em>proxime</em></strong></span> <span class='ocrx_word' id='word_1_260' title='bbox 743 3364 849 3419; x_wconf 87' lang='lat' dir='ltr'><strong><em>autem</em></strong></span> <span class='ocrx_word' id='word_1_261' title='bbox 873 3365 944 3437; x_wconf 89' lang='lat' dir='ltr'><strong><em>post</em></strong></span> <span class='ocrx_word' id='word_1_262' title='bbox 959 3357 1064 3437; x_wconf 86' lang='lat' dir='ltr'><strong><em>ianm</em></strong></span> <span class='ocrx_word' id='word_1_263' title='bbox 1082 3359 1162 3421; x_wconf 88' lang='lat' dir='ltr'><strong><em>aeri.</em></strong></span> <span class='ocrx_word' id='word_1_264' title='bbox 1181 3353 1244 3420; x_wconf 88' lang='lat' dir='ltr'><strong><em>Sed</em></strong></span> <span class='ocrx_word' id='word_1_265' title='bbox 1261 3356 1339 3420; x_wconf 84' lang='lat' dir='ltr'><strong><em>diuet</em></strong></span> 
     </span>
     <span class='ocr_line' id='line_1_29' title="bbox 159 3465 1341 3550; baseline 0 -20"><span class='ocrx_word' id='word_1_266' title='bbox 159 3465 293 3548; x_wconf 70' lang='lat' dir='ltr'><strong><em>aliquus</em></strong></span> <span class='ocrx_word' id='word_1_267' title='bbox 309 3466 338 3530; x_wconf 84' lang='lat' dir='ltr'><strong><em>si</em></strong></span> <span class='ocrx_word' id='word_1_268' title='bbox 354 3467 436 3549; x_wconf 88' lang='lat' dir='ltr'><strong><em>iqnis</em></strong></span> <span class='ocrx_word' id='word_1_269' title='bbox 461 3468 565 3548; x_wconf 88' lang='lat' dir='ltr'><strong><em>portio</em></strong></span> <span class='ocrx_word' id='word_1_270' title='bbox 594 3467 641 3529; x_wconf 79' lang='lat' dir='ltr'><strong><em>iiis</em></strong></span> <span class='ocrx_word' id='word_1_271' title='bbox 671 3466 797 3539; x_wconf 89' lang='lat' dir='ltr'><strong><em>inesset,</em></strong></span> <span class='ocrx_word' id='word_1_272' title='bbox 829 3473 905 3529; x_wconf 88' lang='lat' dir='ltr'><strong><em>tune</em></strong></span> <span class='ocrx_word' id='word_1_273' title='bbox 933 3466 1043 3531; x_wconf 87' lang='lat' dir='ltr'><strong><em>ardere</em></strong></span> <span class='ocrx_word' id='word_1_274' title='bbox 1072 3470 1341 3550; x_wconf 68' lang='lat' dir='ltr'><strong><em>conspicerenturr</em></strong></span> 
     </span>
     <span class='ocr_line' id='line_1_30' title="bbox 158 3575 1340 3661; baseline -0.003 -20"><span class='ocrx_word' id='word_1_275' title='bbox 158 3576 244 3660; x_wconf 80' lang='lat' dir='ltr'><strong><em>quod</em></strong></span> <span class='ocrx_word' id='word_1_276' title='bbox 267 3577 396 3641; x_wconf 81' lang='lat' dir='ltr'><strong><em>minime</em></strong></span> <span class='ocrx_word' id='word_1_277' title='bbox 425 3579 474 3659; x_wconf 72' lang='lat' dir='ltr'><strong><em>tit:</em></strong></span> <span class='ocrx_word' id='word_1_278' title='bbox 497 3577 550 3639; x_wconf 85' lang='lat' dir='ltr'><strong><em>eui</em></strong></span> <span class='ocrx_word' id='word_1_279' title='bbox 571 3578 821 3640; x_wconf 81' lang='lat' dir='ltr'><strong><em>instantiarum</em></strong></span> <span class='ocrx_word' id='word_1_280' title='bbox 841 3575 966 3639; x_wconf 89' lang='lat' dir='ltr'><strong><em>Ptotino</em></strong></span> <span class='ocrx_word' id='word_1_281' title='bbox 984 3577 1205 3658; x_wconf 86' lang='lat' dir='ltr'><strong><em>respondemus</em></strong></span> <span class='ocrx_word' id='word_1_282' title='bbox 1224 3575 1293 3661; x_wconf 79' lang='lat' dir='ltr'><strong><em>(iii.</em></strong></span> <span class='ocrx_word' id='word_1_283' title='bbox 1311 3575 1340 3638; x_wconf 89' lang='grc' dir='ltr'><strong><em>Ι.</em></strong></span> 
     </span>
     <span class='ocr_line' id='line_1_31' title="bbox 159 3686 1340 3772; baseline -0.002 -20"><span class='ocrx_word' id='word_1_284' title='bbox 159 3686 325 3752; x_wconf 75' lang='lat' dir='ltr'><strong><em>Bnueadis</em></strong></span> <span class='ocrx_word' id='word_1_285' title='bbox 347 3686 378 3761; x_wconf 80' lang='lat'><strong><em>2,</em></strong></span> <span class='ocrx_word' id='word_1_286' title='bbox 398 3687 599 3769; x_wconf 79' lang='lat' dir='ltr'><strong><em>paroqrapiso</em></strong></span> <span class='ocrx_word' id='word_1_287' title='bbox 628 3689 658 3759; x_wconf 83' lang='grc'><strong><em>6,</em></strong></span> <span class='ocrx_word' id='word_1_288' title='bbox 686 3687 877 3769; x_wconf 74' lang='lat' dir='ltr'><strong><em>paulopost</em></strong></span> <span class='ocrx_word' id='word_1_289' title='bbox 906 3686 1074 3772; x_wconf 91' lang='lat' dir='ltr'><strong><em>medium),</em></strong></span> <span class='ocrx_word' id='word_1_290' title='bbox 1100 3705 1188 3768; x_wconf 86' lang='lat' dir='ltr'><strong><em>posse</em></strong></span> <span class='ocrx_word' id='word_1_291' title='bbox 1218 3687 1340 3768; x_wconf 84' lang='lat' dir='ltr'><strong><em>quidem</em></strong></span> 
     </span>
     <span class='ocr_line' id='line_1_32' title="bbox 159 3796 1342 3881; baseline -0.003 -18"><span class='ocrx_word' id='word_1_292' title='bbox 159 3799 267 3863; x_wconf 76' lang='lat' dir='ltr'><strong><em>modis</em></strong></span> <span class='ocrx_word' id='word_1_293' title='bbox 296 3796 336 3861; x_wconf 78' lang='lat' dir='ltr'><strong><em>ab</em></strong></span> <span class='ocrx_word' id='word_1_294' title='bbox 362 3798 435 3879; x_wconf 89' lang='lat' dir='ltr'><strong><em>ique</em></strong></span> <span class='ocrx_word' id='word_1_295' title='bbox 466 3796 564 3860; x_wconf 83' lang='lat' dir='ltr'><strong><em>iucem</em></strong></span> <span class='ocrx_word' id='word_1_296' title='bbox 592 3800 833 3872; x_wconf 82' lang='lat' dir='ltr'><strong><em>cornmunieam‘,</em></strong></span> <span class='ocrx_word' id='word_1_297' title='bbox 857 3797 972 3880; x_wconf 82' lang='lat' dir='ltr'><strong><em>absque</em></strong></span> <span class='ocrx_word' id='word_1_298' title='bbox 991 3798 1107 3870; x_wconf 84' lang='lat' dir='ltr'><strong><em>eoiore,</em></strong></span> <span class='ocrx_word' id='word_1_299' title='bbox 1126 3817 1197 3881; x_wconf 84' lang='lat' dir='ltr'><strong><em>qua</em></strong></span> <span class='ocrx_word' id='word_1_300' title='bbox 1214 3797 1254 3861; x_wconf 85' lang='lat' dir='ltr'><strong><em>ab</em></strong></span> <span class='ocrx_word' id='word_1_301' title='bbox 1272 3800 1342 3876; x_wconf 89' lang='lat' dir='ltr'><strong><em>iqne</em></strong></span> 
     </span>
     <span class='ocr_line' id='line_1_33' title="bbox 159 3906 1343 3990; baseline -0.003 -17"><span class='ocrx_word' id='word_1_302' title='bbox 159 3910 226 3990; x_wconf 86' lang='lat' dir='ltr'><strong><em>ipso</em></strong></span> <span class='ocrx_word' id='word_1_303' title='bbox 244 3907 380 3973; x_wconf 77' lang='lat' dir='ltr'><strong><em>colorari</em></strong></span> <span class='ocrx_word' id='word_1_304' title='bbox 398 3907 543 3972; x_wconf 85' lang='lat' dir='ltr'><strong><em>Piotinus</em></strong></span> <span class='ocrx_word' id='word_1_305' title='bbox 561 3907 659 3980; x_wconf 75' lang='lat' dir='ltr'><strong><em>dimit:</em></strong></span> <span class='ocrx_word' id='word_1_306' title='bbox 678 3907 787 3987; x_wconf 84' lang='lat' dir='ltr'><strong><em>qualia</em></strong></span> <span class='ocrx_word' id='word_1_307' title='bbox 805 3917 880 3971; x_wconf 91' lang='lat' dir='ltr'><strong><em>sunt</em></strong></span> <span class='ocrx_word' id='word_1_308' title='bbox 897 3907 998 3970; x_wconf 84' lang='lat' dir='ltr'><strong><em>muita</em></strong></span> <span class='ocrx_word' id='word_1_309' title='bbox 1014 3907 1134 3990; x_wconf 72' lang='lat' dir='ltr'><strong><em>friqido</em></strong></span> <span class='ocrx_word' id='word_1_310' title='bbox 1162 3925 1199 3970; x_wconf 88' lang='lat' dir='ltr'><strong><em>oo</em></strong></span> <span class='ocrx_word' id='word_1_311' title='bbox 1230 3906 1343 3969; x_wconf 84' lang='lat' dir='ltr'><strong><em>lueida.</em></strong></span> 
     </span>
     <span class='ocr_line' id='line_1_34' title="bbox 160 4015 1345 4098; baseline -0.004 -14"><span class='ocrx_word' id='word_1_312' title='bbox 160 4018 237 4085; x_wconf 78' lang='lat' dir='ltr'><strong><em>Hae</em></strong></span> <span class='ocrx_word' id='word_1_313' title='bbox 254 4027 362 4084; x_wconf 71' lang='lat' dir='ltr'><strong><em>auum</em></strong></span> <span class='ocrx_word' id='word_1_314' title='bbox 378 4027 455 4084; x_wconf 88' lang='lat' dir='ltr'><strong><em>sunt</em></strong></span> <span class='ocrx_word' id='word_1_315' title='bbox 474 4019 594 4083; x_wconf 80' lang='lat' dir='ltr'><strong><em>Plotini</em></strong></span> <span class='ocrx_word' id='word_1_316' title='bbox 610 4017 720 4082; x_wconf 85' lang='lat' dir='ltr'><strong><em>uerba:</em></strong></span> <span class='ocrx_word' id='word_1_317' title='bbox 741 4040 758 4078; x_wconf 93' lang='lat'>«</span> <span class='ocrx_word' id='word_1_318' title='bbox 779 4015 823 4081; x_wconf 80' lang='lat' dir='ltr'><strong><em>At</em></strong></span> <span class='ocrx_word' id='word_1_319' title='bbox 840 4035 913 4081; x_wconf 85' lang='lat' dir='ltr'><strong><em>uero</em></strong></span> <span class='ocrx_word' id='word_1_320' title='bbox 930 4019 1035 4098; x_wconf 87' lang='lat' dir='ltr'><strong><em>iqnem</em></strong></span> <span class='ocrx_word' id='word_1_321' title='bbox 1053 4019 1153 4080; x_wconf 85' lang='lat' dir='ltr'><strong><em>inesse</em></strong></span> <span class='ocrx_word' id='word_1_322' title='bbox 1172 4026 1263 4080; x_wconf 81' lang='lat' dir='ltr'><strong><em>terra</em></strong></span> <span class='ocrx_word' id='word_1_323' title='bbox 1286 4035 1345 4079; x_wconf 90' lang='lat' dir='ltr'><strong><em>ne-</em></strong></span> 
     </span>
     <span class='ocr_line' id='line_1_35' title="bbox 163 4126 1344 4212; baseline -0.004 -16"><span class='ocrx_word' id='word_1_324' title='bbox 163 4151 181 4188; x_wconf 84' lang='lat'><strong>»</strong></span> <span class='ocrx_word' id='word_1_325' title='bbox 199 4146 363 4212; x_wconf 83' lang='lat' dir='ltr'><strong><em>quaquam</em></strong></span> <span class='ocrx_word' id='word_1_326' title='bbox 381 4131 595 4194; x_wconf 83' lang='lat' dir='ltr'><strong><em>necessarium</em></strong></span> <span class='ocrx_word' id='word_1_327' title='bbox 613 4136 672 4201; x_wconf 90' lang='lat' dir='ltr'><strong><em>est,·</em></strong></span> <span class='ocrx_word' id='word_1_328' title='bbox 690 4128 803 4211; x_wconf 79' lang='lat' dir='ltr'><strong><em>suffieit</em></strong></span> <span class='ocrx_word' id='word_1_329' title='bbox 821 4129 905 4190; x_wconf 91' lang='lat' dir='ltr'><strong><em>enim</em></strong></span> <span class='ocrx_word' id='word_1_330' title='bbox 925 4126 1043 4200; x_wconf 87' lang='lat' dir='ltr'><strong><em>iumen,</em></strong></span> <span class='ocrx_word' id='word_1_331' title='bbox 1059 4130 1086 4191; x_wconf 89' lang='lat' dir='ltr'><strong><em>si</em></strong></span> <span class='ocrx_word' id='word_1_332' title='bbox 1102 4128 1227 4210; x_wconf 88' lang='lat' dir='ltr'><strong><em>quidem</em></strong></span> <span class='ocrx_word' id='word_1_333' title='bbox 1243 4130 1301 4192; x_wconf 79' lang='lat' dir='ltr'><strong><em>nio</em></strong></span> <span class='ocrx_word' id='word_1_334' title='bbox 1316 4138 1344 4191; x_wconf 84' lang='lat' dir='ltr'><strong><em>et</em></strong></span> 
     </span>
     <span class='ocr_line' id='line_1_36' title="bbox 163 4237 1346 4322; baseline -0.002 -22"><span class='ocrx_word' id='word_1_335' title='bbox 163 4239 409 4322; x_wconf 67' lang='lat' dir='ltr'><strong><em>»impidissimo</em></strong></span> <span class='ocrx_word' id='word_1_336' title='bbox 438 4240 554 4317; x_wconf 85' lang='lat' dir='ltr'><strong><em>mutto,</em></strong></span> <span class='ocrx_word' id='word_1_337' title='bbox 585 4241 702 4321; x_wconf 83' lang='lat' dir='ltr'><strong><em>absque</em></strong></span> <span class='ocrx_word' id='word_1_338' title='bbox 731 4241 802 4321; x_wconf 86' lang='lat' dir='ltr'><strong><em>ique</em></strong></span> <span class='ocrx_word' id='word_1_339' title='bbox 831 4245 906 4301; x_wconf 89' lang='lat' dir='ltr'><strong><em>sunt</em></strong></span> <span class='ocrx_word' id='word_1_340' title='bbox 930 4237 1049 4311; x_wconf 75' lang='lat' dir='ltr'><strong><em>incida:</em></strong></span> <span class='ocrx_word' id='word_1_341' title='bbox 1067 4240 1211 4320; x_wconf 84' lang='lat' dir='ltr'><strong><em>quamuis</em></strong></span> <span class='ocrx_word' id='word_1_342' title='bbox 1230 4239 1346 4302; x_wconf 77' lang='lat' dir='ltr'><strong><em>dixerit</em></strong></span> 
     </span>
     <span class='ocr_line' id='line_1_37' title="bbox 164 4348 1347 4434; baseline -0.006 -20"><span class='ocrx_word' id='word_1_343' title='bbox 164 4370 183 4408; x_wconf 73' lang='lat' dir='ltr'><strong><em>n</em></strong></span> <span class='ocrx_word' id='word_1_344' title='bbox 202 4349 332 4431; x_wconf 77' lang='lat' dir='ltr'><strong><em>aliquis,</em></strong></span> <span class='ocrx_word' id='word_1_345' title='bbox 351 4350 480 4434; x_wconf 74' lang='lat' dir='ltr'><strong><em>affuisse</em></strong></span> <span class='ocrx_word' id='word_1_346' title='bbox 508 4351 569 4414; x_wconf 85' lang='lat' dir='ltr'><strong><em>iitie</em></strong></span> <span class='ocrx_word' id='word_1_347' title='bbox 588 4353 703 4430; x_wconf 87' lang='lat' dir='ltr'><strong><em>iqnem,</em></strong></span> <span class='ocrx_word' id='word_1_348' title='bbox 723 4358 752 4413; x_wconf 92' lang='lat' dir='ltr'><strong><em>et</em></strong></span> <span class='ocrx_word' id='word_1_349' title='bbox 782 4348 850 4422; x_wconf 84' lang='lat' dir='ltr'><strong><em>iiia,</em></strong></span> <span class='ocrx_word' id='word_1_350' title='bbox 869 4356 1040 4431; x_wconf 87' lang='lat' dir='ltr'><strong><em>antequam</em></strong></span> <span class='ocrx_word' id='word_1_351' title='bbox 1063 4349 1241 4421; x_wconf 86' lang='lat' dir='ltr'><strong><em>diseederet,</em></strong></span> <span class='ocrx_word' id='word_1_352' title='bbox 1266 4349 1347 4412; x_wconf 87' lang='lat' dir='ltr'><strong><em>euto-</em></strong></span> 
     </span>
     <span class='ocr_line' id='line_1_38' title="bbox 163 4457 1346 4542; baseline -0.004 -22"><span class='ocrx_word' id='word_1_353' title='bbox 163 4482 182 4520; x_wconf 87' lang='lat'>»</span> <span class='ocrx_word' id='word_1_354' title='bbox 202 4476 298 4524; x_wconf 87' lang='lat' dir='ltr'><strong><em>rasse.</em></strong></span> <span class='ocrx_word' id='word_1_355' title='bbox 316 4460 412 4526; x_wconf 82' lang='lat' dir='ltr'><strong><em>»Sed</em></strong></span> <span class='ocrx_word' id='word_1_356' title='bbox 428 4461 565 4542; x_wconf 74' lang='lat' dir='ltr'><strong><em>exemplo</em></strong></span> <span class='ocrx_word' id='word_1_357' title='bbox 584 4459 811 4525; x_wconf 84' lang='lat' dir='ltr'><strong><em>evidentissimo</em></strong></span> <span class='ocrx_word' id='word_1_358' title='bbox 830 4468 905 4525; x_wconf 89' lang='lat' dir='ltr'><strong><em>sunt</em></strong></span> <span class='ocrx_word' id='word_1_359' title='bbox 924 4461 1010 4535; x_wconf 78' lang='lat' dir='ltr'><strong><em>coin,</em></strong></span> <span class='ocrx_word' id='word_1_360' title='bbox 1031 4480 1101 4542; x_wconf 82' lang='lat' dir='ltr'><strong><em>quse</em></strong></span> <span class='ocrx_word' id='word_1_361' title='bbox 1119 4480 1191 4524; x_wconf 89' lang='lat' dir='ltr'><strong><em>oum</em></strong></span> <span class='ocrx_word' id='word_1_362' title='bbox 1204 4461 1275 4538; x_wconf 87' lang='lat' dir='ltr'><strong><em>jam</em></strong></span> <span class='ocrx_word' id='word_1_363' title='bbox 1294 4457 1346 4517; x_wconf 87' lang='lat' dir='ltr'><strong><em>de-</em></strong></span> 
     </span>
    </p>
   </div>
   <div class='ocr_carea' id='block_1_3' title="bbox 0 0 1569 5154">
    <p class='ocr_par' dir='ltr' id='par_1_3' title="bbox 0 0 1569 5154">
     <span class='ocr_line' id='line_1_39' title="bbox 0 0 1569 5154; baseline 0 0"><span class='ocrx_word' id='word_1_364' title='bbox 0 0 1569 5154; x_wconf 95' lang='lat' dir='ltr'><strong><em> </em></strong></span> 
     </span>
    </p>
   </div>
  </div>
 </body>
</html>
