3096 5154
582 337 812 388 ssrnosossrcos
832 335 958 383 umcros
1314 315 1357 379 or

267 482 325 546 llic
343 478 395 557 16,
412 482 478 542 tres
496 476 730 559 spectabantur
751 474 928 539 orientales
956 487 1085 546 omnes3
1113 469 1199 534 lovi·
1218 468 1359 533 vicinior

179 590 291 657 ancras
308 590 387 654 min.
405 587 437 664 23
455 603 595 669 seqrrens
610 585 692 650 min.
710 583 742 659 23
758 583 951 648 orientalior
968 584 1009 646 sb
1028 582 1092 646 huo
1107 580 1189 644 min.
1208 578 1240 643 ll.

183 799 263 890 or.
542 793 587 880 s
691 749 962 957 sse&
1253 790 1359 880 oco.

266 1034 326 1100 llis
343 1031 396 1098 17.
415 1033 493 1097 Tres
511 1030 650 1095 adersni
674 1029 793 1103 stelin,
813 1023 985 1091 orientalis
1005 1042 1075 1090 una
1096 1025 1259 1090 distensa
1281 1024 1363 1089 Jove

179 1145 261 1210 min.
273 1144 306 1220 9;
317 1141 538 1208 occidentales
547 1139 625 1215 duo,
634 1136 856 1221 quarumlovi
868 1136 1082 1219 propinquior
1093 1134 1364 1208 coenaturus,

179 1252 416 1319 occidentsiior
433 1250 475 1315 ab
491 1250 555 1314 lino
573 1248 718 1347 distabat
735 1247 817 1311 min.
835 1245 866 1309 l.

187 1448 270 1541 or.
364 1446 408 1534 s
642 1401 852 1611 Qus
985 1440 1029 1526 s
1257 1444 1363 1535 000.

269 1682 331 1748 Die
351 1679 403 1759 18,
418 1683 505 1748 hors
518 1682 552 1757 d,
569 1682 651 1746 min.
669 1679 725 1755 20,
743 1683 889 1761 quatuor
905 1679 972 1742 risi
986 1681 1064 1742 sunt
1078 1677 1233 1743 Plenetoe.
1251 1676 1370 1744 Orien-

179 1794 257 1859 tslis
276 1792 352 1858 lovi
370 1792 528 1857 remotior
546 1791 660 1856 aberni
676 1791 719 1854 ab
733 1806 775 1853 eo
792 1788 874 1852 min.
895 1785 947 1863 123
965 1786 1109 1852 vicinior
1122 1789 1204 1852 min.
1223 1788 1254 1852 1.
1268 1787 1370 1854 Occi-

180 1901 322 1967 dentalis
331 1901 475 1967 vicinior
485 1901 601 1967 uberat
610 1900 693 1965 min.
705 1896 736 1977 33
752 1899 795 1962 sb
805 1898 869 1963 lioc
880 1915 962 1963 vero
976 1897 1215 1963 occidentalior
1226 1899 1371 1966 distabat

180 2013 303 2093 puriter
318 2013 399 2079 min.
419 2009 451 2087 3,
469 2016 630 2094 erantque
655 2011 691 2076 in
714 2009 831 2074 endem
852 2014 944 2074 rccts
973 2008 1017 2073 sd
1034 2025 1191 2092 unguem.
1219 2009 1371 2077 Adlorti

181 2119 245 2185 olio
263 2120 340 2185 cillo
358 2121 406 2185 dcl
426 2119 570 2202 Coppone
590 2117 677 2207 (sic).

188 2289 267 2383 Or.
453 2291 495 2376 ‘t
633 2254 810 2458 ii&
867 2293 1009 2380 ’tit
1261 2297 1367 2393 Oco.

271 2591 377 2656 llssce
390 2593 498 2671 loris,
517 2597 550 2658 ei
568 2593 792 2677 adiacentium
807 2593 1023 2660 Planetamm
1035 2593 1077 2658 sd
1089 2594 1210 2659 Fixum
1219 2596 1374 2662 collatio-

181 2718 239 2767 nes
248 2718 412 2784 apponere
421 2703 563 2786 placuit,
581 2709 620 2770 ut
637 2722 680 2768 ex
698 2703 766 2769 illis
784 2701 965 2769 eorundem
982 2703 1198 2770 Plnnetarum
1216 2723 1373 2790 progres-

181 2829 253 2888 sus,
271 2817 344 2877 tum
362 2812 546 2878 secundum
562 2813 818 2898 longitudinem,
840 2818 913 2880 tum
931 2813 1033 2879 etiam
1051 2813 1232 2882 secundum
1251 2818 1370 2884 istitu-

182 2922 308 2998 dinem,
335 2940 414 2989 cum
441 2925 605 3000 motibus,
634 2923 693 3005 qui
721 2941 765 2989 cx
785 2924 910 2990 tabulis
929 2923 1148 3000 hauriuntur,
1166 2924 1210 2990 nd
1226 2944 1374 3009 unguem

181 3048 363 3115 congruere
381 3032 520 3115 quilibet
539 3033 724 3116 intelligere
737 3033 840 3116 possit
858 3029 917 3120 (1).

271 3141 331 3207 llae
350 3147 427 3208 sunt
444 3145 692 3210 observationes
715 3147 859 3226 quatuor
887 3140 1114 3210 Mediceorum
1129 3143 1375 3221 -Plsnetarum

182 3269 312 3330 recens,
331 3270 370 3317 eo
389 3254 496 3337 primo
515 3270 603 3320 ame
621 3257 843 3337 repertorum,
858 3270 902 3318 ex
918 3252 1055 3336 quibus,
1069 3254 1223 3336 quemvis
1236 3255 1372 3320 illorum

181 3362 334 3444 periodos
352 3362 499 3430 numeris
516 3362 674 3447 colligere
690 3362 840 3429 nondum
854 3362 966 3439 detur,
984 3363 1062 3429 iicet
1080 3364 1198 3429 saltem
1221 3364 1376 3447 quedam

181 3472 468 3538 animadversione
485 3474 586 3558 digna
603 3474 836 3557 pronunciare.
854 3474 1029 3556 deprimo
1051 3492 1129 3540 cum
1151 3474 1271 3540 lovem
1292 3495 1374 3542 con-

184 3582 347 3648 similibus
376 3585 561 3650 interstitiis
593 3585 695 3650 modo
723 3588 983 3667 consequantur,
1011 3582 1111 3650 modo
1139 3591 1303 3668 praeeant,
1332 3587 1374 3650 ab

183 3710 288 3774 eoque
304 3698 378 3758 turn
396 3711 513 3762 versus
532 3700 662 3772 ortum,
675 3700 749 3761 tum
763 3694 799 3759 iu
813 3710 969 3760 occasum
983 3695 1227 3777 angustissimis
1241 3700 1374 3760 tantum

182 3803 475 3870 dismicntionllsus
497 3805 707 3889 elongentur,
739 3804 944 3886 eundemque
973 3803 1204 3888 retrogradum
1232 3803 1373 3885 pariter,

252 3999 284 4062 is}
299 3995 387 4062 Atque
401 4011 435 4050 es
451 3998 521 4050 hisce
536 3999 717 4052 collusionibus
730 3998 800 4051 loris
814 4003 843 4050 et
858 3998 1035 4051 Gosmloorum
1045 3996 1212 4050 manentum
1228 3996 1259 4047 sd
1275 3992 1377 4045 stellsm

181 4069 260 4121 ilum
281 4075 404 4124 certiores
423 4073 482 4124 iscti
503 4087 594 4126 snrnos
614 4079 811 4127 connumerales
831 4088 908 4138 soors
928 4075 1118 4127 observetioncs
1138 4076 1236 4124 scccto
1256 4085 1289 4121 oe
1308 4071 1378 4120 citro

179 4147 257 4196 usius
272 4148 388 4212 scruputi
400 4156 538 4214 peecatum
551 4151 579 4201 ln
594 4151 761 4203 decernendis
776 4164 806 4202 sc
825 4151 1007 4202 constituendis
1017 4149 1147 4202 ‘distantiis
1163 4147 1306 4199 eorundem
1320 4145 1378 4196 Plc-

178 4224 299 4274 nctsrum
313 4223 380 4276 inter
394 4238 423 4276 ss
438 4231 465 4277 st
480 4239 496 4276 ι
510 4226 574 4278 loss
584 4227 683 4278 iussim
696 4226 788 4279 inisse:
799 4229 990 4292 progressiones
1000 4229 1072 4280 enirn
1081 4227 1152 4278 loris
1162 4230 1192 4276 et
1205 4222 1378 4287 ediscendum

179 4296 343 4350 Pisuetsrnm
358 4303 390 4353 sd
407 4302 486 4353 ilxsm
498 4303 555 4368 jssn
570 4303 666 4354 dicum
684 4303 826 4368 Perspicilli
846 4305 972 4358 beneficio
991 4308 1162 4369 comparasse,
1182 4312 1245 4351 com
1265 4298 1379 4347 motibus

177 4374 248 4425 loris
263 4380 319 4426 turn
334 4379 475 4429 secuudum
491 4377 689 4448 longitudinem,
700 4384 756 4432 tom
771 4381 914 4434 meandum
930 4380 1093 4436 istitudinem
1108 4372 1248 4431 cristulis
1263 4371 1378 4422 collectis

178 4453 336 4505 *domuum
350 4457 514 4507 conveniunt.
529 4455 588 4508 iss.
605 4455 628 4504 1.

267 4538 389 4598 tlssnso
407 4540 649 4600 Gsnusr-Tors.
668 4541 717 4598 lll.
983 4563 987 4571 ·
1204 4539 1221 4588 '1
