3096 5154
504 349 542 393 oe
565 346 769 394 enauouents
793 347 822 392 nt
845 347 925 392 ones
949 348 1036 392 eone
1291 328 1353 394 311

187 485 381 567 Quapropter
405 486 508 564 potius
530 485 753 556 existimarim,
778 491 980 564 apparentem
1001 482 1087 546 illam
1115 483 1231 546 stellam
1257 485 1354 564 {uisu

179 614 342 661 accensam
358 593 500 675 aliquam
518 593 748 658 exhalationem
766 594 802 658 in
819 610 967 676 suprema
983 591 1147 667 aeris,oel
1159 595 1255 673 iqnis,
1265 604 1355 674 parte

178 706 326 785 contiqua
353 721 489 767 concavo
517 704 615 784 ipsius
643 702 718 766 Gali
737 701 838 787 (quod
851 701 1083 784 probabilem,
1102 711 1169 766 tum
1187 703 1265 783 quia
1282 721 1356 769 eoa·

178 815 263 887 nuit,
280 823 316 878 ut
333 813 513 894 bajusmobi
531 811 784 893 impressionibus
800 813 965 893 continqit,
985 820 1051 875 tum
1068 814 1146 893 quia
1163 814 1306 877 marim
1322 830 1357 879 eu

177 941 265 987 anno
280 925 439 1004 processit
455 923 579 986 siccitas
581 920 616 1006 ),·
633 929 691 985 aut
708 924 736 986 si
754 939 824 986 cere
841 923 906 1003 suit
923 923 959 985 in
981 919 1074 995 Cala,
1093 930 1130 985 ut
1147 924 1359 986 instrumenta

177 1037 469 1098 mathematicorum
479 1033 734 1098 demonstrarunt
743 1033 856 1114 fuisse,
867 1032 994 1113 aliquod
1003 1033 1124 1113 sactum
1136 1049 1177 1097 ea
1190 1034 1358 1115 repleaione

178 1143 343 1207 radiorum
360 1143 446 1207 loeis
464 1151 494 1206 et
511 1140 663 1216 Saturni,
682 1159 819 1224 quorum
838 1150 913 1205 tunc
931 1143 1075 1224 temporis
1084 1143 1148 1223 {uit
1163 1143 1358 1224 conjunctio:

180 1254 266 1336 quob
283 1262 388 1317 tamen
404 1271 470 1318 non
486 1255 623 1336 aplnno,
641 1252 822 1334 relinquens
842 1251 1071 1318 Matbematieis
1093 1269 1131 1317 ac
1152 1251 1359 1334 Perspecticls

182 1367 240 1429 boc
258 1365 426 1445 neqotium.
444 1360 513 1428 Hoc
533 1371 638 1426 tamen
652 1362 769 1426 elicium
787 1362 867 1436 oolo,
886 1380 951 1426 non
971 1369 1008 1425 ut
1025 1361 1168 1442 beroqem
1184 1364 1273 1447 fidem
1289 1378 1360 1426 ma-

180 1473 354 1537 tbematicis
365 1472 538 1555 disciplinis
549 1480 607 1536 out
614 1471 856 1554 professoribus,
869 1488 946 1554 quot
964 1489 1068 1536 ornnes
1084 1471 1148 1536 colo
1166 1480 1196 1536 et
1214 1488 1357 1543 oenmor,

179 1591 275 1664 atque
289 1584 417 1647 nonoris
434 1600 533 1647 causa
549 1598 668 1663 semper
687 1582 884 1664 compellabor
900 1581 954 1646 sea
967 1589 1003 1645 ut
1017 1580 1179 1646 ostendam
1193 1583 1294 1647 nostri
1307 1586 1361 1647 in-

181 1691 316 1756 tellectus
334 1692 586 1767 imbecillium,
604 1710 642 1757 ac
661 1701 776 1757 nostra
793 1693 931 1756 scientio
945 1693 1131 1765 uanitatem,
1144 1709 1227 1773 qua,
1239 1702 1274 1756 ut
1287 1692 1360 1756 bene

180 1801 297 1866 dicebat
308 1799 579 1884 Socrates,maqit
587 1804 823 1885 propinquaret
841 1810 870 1865 et
887 1803 989 1884 affinis
1008 1803 1068 1883 ipsi
1086 1804 1246 1883 iqnorare,
1265 1820 1361 1884 quam

179 1914 239 1995 ipsi
255 1914 345 1978 scire.
369 1909 523 1988 Quamuis
540 1914 626 1976 enim
642 1913 869 1976 mathematica
887 1913 1057 1992 disciplina
1075 1912 1254 1975 certissima
1271 1928 1312 1974 ea
1329 1928 1360 1974 se

179 2023 253 2104 ipris
270 2024 349 2097 tint,
367 2031 397 2086 et
414 2023 483 2103 qest
502 2023 640 2086 rationes
659 2023 857 2095 necessaria,
875 2023 952 2103 quia
970 2023 1156 2085 continuum
1171 2019 1362 2086 abstractum

180 2150 202 2195 a
217 2133 352 2197 materia
368 2131 580 2205 eoruiierant,
600 2132 684 2213 quob
700 2129 887 2196 invariabile
915 2139 975 2205 est‚·
992 2139 1111 2203 tamen,
1135 2130 1262 2211 quanio
1282 2145 1360 2210 pas-

182 2242 284 2304 siones
303 2242 400 2322 breim
419 2244 563 2308 continui
581 2241 778 2306 considerant
795 2242 831 2304 in
844 2242 978 2305 materia
995 2241 1189 2320 continqenti
1206 2249 1235 2304 et
1252 2240 1362 2305 ouria·

185 2348 255 2424 bili,
272 2352 426 2432 continqlt
441 2357 470 2413 et
484 2353 568 2432 ipsas
587 2350 670 2433 palli,
693 2351 730 2415 ob
752 2351 982 2430 continqentias
1000 2349 1138 2430 subacti.
1157 2349 1202 2414 lit
1219 2352 1362 2431 quamuis

183 2461 317 2525 calestia
334 2461 599 2534 nccesmriasint,
618 2469 648 2524 et
665 2479 730 2525 non
748 2461 977 2540 continqentiae
992 2467 1097 2522 tamen
1116 2460 1233 2534 media,
1247 2460 1362 2540 quibus

182 2567 316 2633 calestia
331 2586 518 2651 coqnoteere
537 2573 691 2652 eoqimur,
711 2571 923 2650 continqentia
941 2577 1017 2632 sunt
1035 2576 1064 2631 et
1081 2566 1262 2632 mutabilia:
1277 2571 1362 2649 aoqi·

179 2697 255 2744 mur
270 2681 357 2744 enirn
374 2681 551 2745 nunuterio
567 2697 718 2744 sensurum
735 2680 797 2752 uti,
816 2681 872 2760 qui
888 2677 1015 2760 {alacer
1032 2686 1125 2751 sunt:
1146 2679 1287 2758 ooqimur
1307 2678 1361 2740 in-

179 2790 377 2863 strumentis,
397 2795 428 2852 et
444 2789 546 2853 nudie
562 2791 624 2862 uti,
637 2791 674 2852 in
683 2788 795 2870 quibus
807 2789 922 2863 multa,
934 2788 1164 2870 utplurimum,
1175 2792 1210 2873 fit
1220 2788 1361 2852 mutatio.

179 2896 237 2962 lia
258 2900 315 2964 ltac
335 2899 437 2980 iqilur
458 2906 644 2979 arqumento
660 2917 728 2963 non
745 2901 902 2982 sequitur,
923 2899 1040 2962 Galum
1058 2915 1120 2962 estc
1138 2897 1314 2979 qenerobile
1332 2905 1362 2959 et

182 3007 394 3090 corruptibile,
412 3017 443 3072 et
455 3008 586 3089 proinde
603 3026 668 3073 non
685 3024 749 3072 etse
768 3010 910 3089 iqneum,
923 3027 1022 3090 neque
1033 3009 1175 3090 aliquam
1185 3008 1362 3080 aliammo·

90 3111 95 3117 ”
184 3119 297 3182 teriam
308 3119 461 3200 iquitarns
478 3118 563 3199 quati
579 3120 607 3182 si
623 3118 722 3199 princi
736 3117 781 3182 itti
794 3119 977 3200 pbilosopbi,
989 3126 1018 3181 et
1029 3117 1134 3191 Plato,
1146 3115 1363 3196 illubiqneam

184 3229 348 3302 diamant,
364 3229 423 3293 boc
436 3246 496 3309 per
512 3228 749 3294 sinsilitubinem
765 3228 927 3310 quandam
943 3229 1110 3302 biremem
1127 3226 1210 3309 quod
1232 3225 1295 3289 illis
1323 3223 1363 3289 li·

184 3338 265 3401 cents
291 3339 387 3402 eruti
416 3339 500 3401 enim
524 3335 704 3402 Aristoteles
722 3339 804 3404 elicit
823 3336 951 3401 Lunam
968 3335 1192 3419 qmaonncao
1213 3335 1361 3407 Terram,

181 3443 222 3508 ob
238 3445 476 3511 similitudinem
493 3464 589 3528 quam
607 3447 698 3511 babet
715 3465 787 3512 cum
808 3446 909 3512 Terra
926 3449 962 3511 in
979 3451 1151 3530 opacitate:
1168 3450 1216 3512 ita
1237 3445 1364 3525 antiqui

181 3555 334 3621 munt
362 3547 481 3622 Colum
508 3573 571 3621 esee
600 3577 640 3623 ea
658 3561 745 3640 iqne‚
763 3559 802 3623 ob
818 3557 1056 3622 similitudinem
1072 3575 1169 3639 quam
1183 3557 1274 3622 babet
1291 3570 1364 3618 cum

181 3667 270 3747 iqne‚
286 3669 323 3730 in
341 3667 408 3731 lum
427 3675 456 3730 et
474 3669 585 3732 calore.
604 3665 804 3751 Quapropter
821 3668 928 3742 Plato,
946 3671 981 3733 in
1003 3667 1192 3745 remoneo
1220 3685 1257 3731 eo
1282 3664 1365 3746 quael

183 3775 461 3858 Gerlumtuturmn
470 3788 538 3842 erat
555 3778 674 3843 risibile
693 3796 805 3860 corpus
824 3777 985 3863 (quamuis
996 3796 1055 3860 per
1074 3776 1193 3840 cetum
1209 3772 1365 3851 intelliqat

186 3885 412 3972 annosus),
429 3888 513 3953 dimit
530 3888 609 3952 illusi
625 3896 767 3953 constare
784 3907 825 3953 em
842 3891 932 3969 ique:
949 3890 1026 3969 quia
1044 3895 1151 3951 autem
1168 3879 1319 3962 tanqibile
1337 3888 1366 3941 et

182 3998 329 4073 solidum,
356 3999 441 4064 binii
468 4007 669 4065 consecrem
689 4007 788 4071 terra,
807 4007 850 4072 et,
869 4008 905 4062 ut
922 4007 1063 4062 extrema
1081 3996 1224 4077 inaiqent
1241 3987 1364 4058 mediis,

182 4118 220 4172 ut
235 4109 423 4192 colliqantur
440 4119 472 4174 et
489 4111 660 4183 uniantur,
680 4118 808 4173 eatenus
826 4107 921 4183 aicit,
940 4107 1018 4172 illud
1034 4109 1129 4172 etiam
1154 4087 1302 4169 oons‘lare
1326 4113 1366 4159 ea

183 4235 270 4300 aqua
286 4226 418 4286 et‘aere.
436 4218 493 4284 lte
511 4221 626 4303 quibus
639 4227 725 4302 patet
742 4218 924 4293 Platonetn,
939 4234 996 4300 per
1013 4219 1118 4299 iqnm
1135 4221 1166 4277 et
1189 4219 1309 4275 terram
1331 4204 1366 4264 t'ee

186 4328 267 4394 Galo
282 4332 364 4397 nibil
379 4332 468 4396 aliud
483 4331 615 4396 coluime
633 4331 817 4412 intelliqere,
836 4346 934 4412 quam
949 4329 1099 4395 virtutem
1116 4323 1202 4406 iqnis
1217 4327 1248 4382 et
1260 4323 1366 4377 terre:

184 4439 234 4502 ita
249 4449 296 4514 ut,
315 4442 421 4508 lumen
439 4451 468 4507 et
486 4441 619 4507 calorem
635 4459 804 4523 aquoscens
823 4442 859 4506 in
878 4439 972 4514 Colo,
992 4448 1027 4504 ut
1044 4438 1140 4503 etiam
1159 4432 1300 4507 inique,
1317 4419 1367 4482 ii·
