3096 5154
421 378 565 427 LBT‘IERE
590 377 721 425 1111011110
743 375 824 423 eus
846 374 984 422 floccum
1008 374 1112 422 8011111
1288 353 1355 420 ⁴31

265 513 392 579 Calculo
408 515 455 579 ita
471 515 696 585 demonstrato,
714 511 801 575 baud
818 510 972 575 absouum
985 511 1099 593 suerit,
1113 527 1222 574 oerum
1238 517 1267 573 et
1281 527 1357 589 oer-

177 642 309 690 mouum
337 622 434 705 buius
463 623 696 705 eoujuuetiouis
729 629 840 703 typum
868 618 884 704 (
893 623 920 685 st
937 621 1063 702 quidem
1078 637 1116 685 eo
1134 620 1224 703 iufra
1254 618 1357 683 Solem

176 733 355 819 accidisset)
373 734 565 799 subnectere.

264 842 326 909 Est
344 846 445 925 ioitur
462 845 499 907 iu
514 842 636 923 adjecto
654 841 878 923 dioarammote
899 839 996 927 (Ταῦ.
1013 842 1103 919 Vlll,
1123 842 1193 925 Εἰς.
1215 842 1275 930 111)
1298 842 1359 909 AB

178 954 259 1021 Soiis
276 955 393 1028 discus,
404 953 498 1033 cuius
513 960 656 1017 centrum
676 952 710 1025 C,
728 953 878 1017 dioecetes
895 971 968 1015 cum
983 950 1139 1035 Eetiptieo
1156 972 1359 1028 eoueurreus,

174 1067 319 1148 portium
335 1062 506 1146 (equalium
524 1061 584 1125 31:
600 1061 759 1127 orbieuiue
774 1080 848 1125 occo
864 1060 907 1136 D,
917 1059 958 1135 Ε,
972 1060 1004 1124 F
1018 1071 1064 1125 est
1080 1061 1204 1127 Veneris
1215 1063 1362 1137 circulus,

178 1176 272 1257 eujus
289 1176 344 1241 oio
356 1192 416 1256 per
434 1170 538 1237 Sobm
555 1180 601 1237 est
615 1180 702 1236 reeta
719 1169 797 1245 ma
806 1172 1001 1253 principium
1017 1171 1246 1252 coujuuctiouis
1260 1181 1305 1237 est
1318 1172 1361 1249 D,

178 1286 318 1351 medium
333 1283 376 1359 li,
393 1285 466 1368 fluis
483 1280 526 1346 F.

267 1394 333 1459 Per
351 1395 468 1459 iiueam
483 1410 559 1457 oero
578 1389 645 1457 GH
658 1394 855 1457 minutorum
874 1391 932 1467 15¹,
952 1393 1084 1457 diuisam
1099 1394 1136 1456 iu
1159 1392 1205 1457 24
1229 1395 1364 1477 aquales

175 1513 298 1588 portes,
315 1504 489 1569 secuudum
502 1503 565 1567 diei
580 1501 737 1567 maturabis
757 1518 924 1566 numeram
943 1503 1106 1576 buarum,
1135 1506 1252 1585 poteris
1269 1508 1364 1571 etiam

178 1616 358 1699 yeoeuetrt'oe
374 1622 439 1679 tam
452 1616 538 1679 uiam
559 1612 685 1677 Veneris
696 1609 768 1686 DF,
783 1612 920 1694 adeoque
936 1620 1032 1677 totam
1045 1615 1253 1694 conjuctiouis
1268 1616 1364 1699 bajus

180 1726 394 1798 durationem,
412 1742 512 1807 quam
528 1722 733 1787 iueideutiom
749 1719 822 1796 DE,
845 1730 875 1787 et
897 1739 1006 1785 casum
1028 1719 1092 1785 EF
1119 1731 1214 1805 atque
1242 1724 1365 1806 reliquo

179 1854 364 1901 uuusurare
378 1853 439 1917 pes
455 1837 560 1899 boras.

266 1942 306 2011 Si
333 1947 435 2027 icitur
459 1960 617 2027 ponamus
647 1942 899 2024 conjunctionem
932 1942 1057 2008 Veseris
1087 1962 1160 2009 oum
1187 1942 1258 2011 Sole
1275 1946 1312 2009 iu
1334 1945 1365 2009 D

180 2058 302 2139 capiere
320 2054 362 2121 11
381 2054 552 2119 decembris
569 2054 648 2117 bora
666 2054 765 2118 uoctis
785 2053 837 2127 11,
848 2052 902 2128 do,
915 2051 950 2129 3;
966 2064 1034 2118 tum
1045 2056 1213 2138 fatendum
1226 2064 1282 2131 est,
1297 2076 1366 2121 eam

181 2170 358 2233 ueoessario
375 2166 540 2231 duravisse
560 2164 645 2229 uitro
663 2165 746 2229 diem
762 2164 930 2229 decembris
944 2162 996 2239 13,
1008 2184 1071 2247 quo
1089 2167 1136 2230 die
1161 2167 1262 2232 Versus
1277 2169 1366 2251 iufra

183 2274 289 2342 sum
315 2278 385 2343 oisc
412 2278 523 2359 [uisset
552 2278 728 2341 necessario
755 2276 834 2339 bora
858 2278 1018 2340 matutino
1045 2285 1156 2342 octauo
1177 2280 1263 2343 cirea
1284 2279 1316 2355 Ι,
1337 2288 1367 2344 et

182 2394 301 2469 quarto
317 2385 493 2468 vespertino
509 2386 595 2450 cirea
609 2384 649 2458 B,
666 2394 787 2467 totoque
805 2386 973 2466 interlapso
992 2393 1124 2469 tempore
1146 2390 1228 2453 iuter
1246 2389 1269 2453 Ι
1284 2400 1313 2455 et
1325 2390 1365 2456 Ii.

190 2496 264 2562 Visa
279 2515 353 2562 uero
371 2503 417 2561 eu
432 2496 577 2568 minime,
607 2497 730 2559 tametsi
752 2496 885 2577 quasita
906 2494 1138 2577 diiioeutissime
1165 2506 1195 2561 et
1214 2501 1368 2581 [sequeu-

183 2608 317 2673 tissimee
345 2608 446 2689 icitur
474 2624 515 2671 eu
541 2606 598 2669 boe
626 2605 725 2686 eapite
752 2611 860 2669 mouet
888 2612 917 2667 et
934 2603 1022 2669 sotoo
1039 2614 1084 2669 est
1101 2610 1205 2689 portio
1233 2608 1366 2689 epistola

182 2718 281 2785 edita.

269 2828 309 2897 Si
322 2831 465 2896 dicamus
474 2830 619 2904 secundo,
636 2848 708 2895 oum
722 2828 869 2912 Maoiuo,
884 2828 1137 2909 conjunctionem
1156 2829 1283 2897 Verteris
1299 2846 1369 2893 me-

182 2942 269 3007 diam
286 2960 359 3007 arou
375 2938 448 3006 Soie
466 2940 614 3007 occidisse
630 2940 734 3005 eodem
748 2940 907 3004 undecimi
921 2940 982 3003 diei
997 2947 1129 3021 tempore
1145 2934 1370 3023 supereum

184 3061 261 3117 tuuc
277 3050 377 3117 abuui
394 3068 596 3133 meaecaquom
613 3059 722 3131 potest,
740 3052 820 3131 quire
845 3050 944 3114 Veuus
960 3050 1038 3113 bora
1052 3050 1073 3113 9
1088 3054 1208 3114 versari
1227 3047 1372 3116 debuerit
1407 3089 1409 3094 -

184 3163 221 3225 iu
237 3168 353 3242 ouueto
362 3158 404 3235 L,
414 3162 493 3225 bora
509 3178 582 3225 oero
595 3161 636 3225 10
655 3162 692 3224 iu
701 3169 822 3242 puncto
833 3160 882 3233 Μ,
894 3168 923 3223 et
940 3161 1018 3223 bora
1039 3161 1134 3223 tertia
1145 3162 1180 3223 iu
1187 3170 1308 3243 puncto
1326 3154 1372 3229 N.

185 3271 290 3337 eodem
306 3272 469 3337 undecimo
487 3271 655 3336 decembris
674 3270 780 3335 muudi
798 3270 861 3343 die,·
878 3277 912 3333 at
930 3270 964 3331 iu
982 3268 1067 3332 uubo
1095 3271 1209 3335 borum
1237 3273 1378 3335 iuuenta

180 3381 260 3462 suit,
288 3380 521 3463 ditiaeutisu'me
550 3383 698 3463 quocica,
727 3381 831 3444 citatis
859 3381 961 3443 boris:
989 3380 1088 3460 ioitur
1115 3383 1300 3447 couciusum
1329 3381 1381 3439 est

182 3490 278 3555 etiam
293 3508 336 3555 eu
352 3492 409 3555 boc
426 3493 536 3572 eapite.

269 3598 309 3667 Si
327 3602 453 3667 taudem
470 3605 561 3667 tertio
575 3612 767 3678 statuamus,
786 3603 1038 3687 conjunctionem
1058 3601 1184 3667 Veneris
1199 3618 1276 3666 oum
1292 3594 1385 3664 sote,

156 3698 162 3713 '
181 3711 231 3775 die
251 3711 291 3776 11
311 3712 492 3788 decembris,
512 3714 590 3779 horo
608 3717 707 3780 uoetis
728 3714 781 3790 11,
798 3717 897 3799 [uisse
926 3717 1084 3791 ultimam,-
1114 3722 1190 3779 tuuc
1218 3710 1295 3795 fieri
1314 3720 1390 3769 moes

177 3831 315 3904 murae,
333 3831 369 3888 ut
392 3822 493 3889 Versus
512 3824 657 3890 obtutum
671 3836 814 3892 nostrum
828 3828 995 3893 declinaret
1018 3827 1121 3891 eodem
1141 3823 1181 3888 11
1202 3813 1391 3885 decembris
1457 3892 1460 3897 ¹

181 3933 289 3999 mucii
306 3933 370 4009 die,
399 3935 478 3999 boso
506 3936 527 4000 9
553 3938 819 4011 antemeridiano,
838 3939 873 4003 iu
885 3948 1001 4020 puncto
1022 3936 1059 4013 0,
1077 3944 1107 4001 et
1125 3937 1208 4000 bora
1227 3929 1252 3991 2
1272 3937 1394 4005 immi·

181 4043 310 4109 ridiaua
337 4046 373 4109 iu
400 4044 443 4120 F,
470 4055 500 4111 et
528 4050 607 4112 bora
639 4048 678 4112 10
707 4050 960 4114 antemeridiana
988 4048 1048 4113 diei
1078 4047 1119 4112 10
1142 4033 1333 4107 decembris
1358 4027 1395 4089 iu

178 4162 297 4234 puncto
317 4151 362 4231 Q,
379 4156 494 4237 quibus
512 4159 659 4222 omuibus
677 4158 878 4240 temporibus,
898 4168 927 4223 et
940 4158 1088 4241 pluribus
1107 4155 1229 4221 etiam,
1257 4137 1322 4205 Soi
1340 4136 1399 4198 iu-

181 4271 300 4345 suetus
318 4273 377 4339 est,
396 4284 462 4331 uou
479 4286 501 4331 a
518 4287 567 4331 me
588 4278 726 4343 tautum,
743 4269 796 4333 sed
813 4269 853 4334 ab
870 4269 942 4335 aiiis
961 4272 1071 4344 etiam,
1089 4267 1190 4347 idque
1207 4271 1278 4339 W
1305 4243 1398 4311 ww

181 4374 258 4439 aiios
281 4374 437 4459 aliosque:
465 4387 499 4442 ot
529 4378 613 4443 uuita
632 4381 746 4445 borum
767 4380 889 4445 dierum
916 4392 944 4447 et
966 4384 1079 4449 borum
1102 4378 1264 4441 iocorum
1291 4355 1399 4419 V0¹²²¹¹

181 4488 511 4567 commemorem
528 4488 701 4555 secuudum
718 4491 801 4559 dicta
817 4491 1015 4563 solertissime
1038 4484 1273 4563 iesoestioatat
1298 4460 1401 4543 ''951¹‘'
