3304 5282
323 397 387 466 330
696 411 797 460 socrus
820 410 927 458 cason
950 411 989 457 es
1012 409 1114 457 creec

322 555 482 620 illustratis
502 547 654 620 uidemus,
678 549 713 610 in
731 546 846 629 quibus
864 548 1038 628 unicuique
1056 545 1111 609 illa
1128 543 1256 626 adparet
1274 542 1348 606 idoli
1366 546 1501 626 species,

320 681 415 746 quam
431 658 653 739 imaqinatione
667 658 823 739 concepit:
841 655 919 738 quid
933 658 1060 739 [mostra
1076 672 1163 720 ceros
1181 663 1317 727 montes,
1333 655 1501 731 marowa,

320 770 494 851 rmaqinrs,
510 769 629 840 nuria,
648 768 750 838 meru,
770 765 907 840 insumo,
919 764 1119 848 peninsulas,
1127 763 1345 846 promontoria
1355 765 1392 826 in
1402 763 1503 828 Luna

316 888 503 953 statuemus,
523 875 638 961 quidus
657 877 808 942 uniuersa
825 875 1032 958 pliloeopleia,
1050 893 1115 940 non
1128 875 1219 939 modo
1234 882 1338 948 nutet,
1356 874 1410 937 sed
1425 893 1504 938 ccr-

316 995 402 1060 ruat,
432 995 461 1052 et
486 988 662 1052 ammaum
678 987 842 1068 inqenium
860 994 951 1050 tanta
968 986 1120 1066 certiqine
1138 984 1414 1050 circumducatur?
1431 982 1502 1048 Sed

315 1097 417 1160 einum
434 1115 605 1180 apponam,
619 1097 703 1178 quod
716 1097 794 1158 mini
811 1095 970 1176 reliquum
984 1103 1028 1158 est
1043 1097 1079 1158 in
1090 1096 1148 1158 nac
1160 1095 1385 1176 disputatione,
1397 1113 1502 1178 neque

311 1207 508 1288 pretermitti
524 1208 592 1270 sine
612 1205 807 1287 neqliqentiae
830 1212 905 1269 nota
917 1213 1059 1286 poterat.-
1076 1205 1206 1278 scilicet,
1227 1223 1300 1269 cum
1317 1205 1451 1270 densmn
1470 1215 1500 1269 et

313 1335 426 1382 rarum
443 1318 609 1382 incoelesti
627 1333 752 1397 corpore
770 1317 962 1396 reperiatur,
981 1314 1024 1378 ad
1037 1314 1190 1396 quidnam
1208 1333 1250 1379 ea
1268 1317 1316 1379 leis
1337 1317 1502 1397 reseratur

313 1429 507 1512 diaplanum
524 1429 560 1492 in
577 1424 671 1490 Luna
689 1426 842 1496 existens,-
858 1424 900 1487 ad
917 1441 1043 1498 rarum,
1063 1441 1108 1487 an
1126 1425 1168 1487 ad
1185 1425 1337 1488 densum?
1355 1434 1384 1488 et
1405 1429 1501 1507 pari·

313 1547 372 1613 ter,
390 1538 432 1602 ad
460 1536 613 1620 quidnam
636 1553 677 1600 ea
694 1536 742 1598 lis
760 1536 923 1616 reseratur
942 1533 1102 1598 lucidum?
1116 1533 1292 1616 Hucusque
1307 1536 1500 1600 inmacula-

311 1637 603 1730 rumantiqnarum
613 1661 744 1710 eausam
753 1643 1498 1725 ossiqnaruntsdioceruntenimLunaolscuras
1533 1617 1545 1652 Ν

307 1753 414 1840 partes
424 1759 562 1822 rariores
572 1773 650 1830 esse,
667 1755 786 1819 lucidas
798 1761 905 1816 autem
916 1751 1089 1826 amares,-
1106 1753 1189 1845 quod
1207 1755 1280 1818 inde
1298 1755 1498 1838 callipolant,

312 1871 390 1951 quia
407 1867 553 1933 ridebant
573 1865 705 1939 Galum,
725 1873 888 1946 tamquam
912 1864 1112 1927 rarissimam
1133 1863 1358 1940 substantiam,
1375 1866 1500 1930 nedum

312 1977 411 2042 iucem
440 1975 614 2058 effundere,
644 1974 748 2038 stellas
775 1981 883 2036 autem
900 1991 942 2037 ea
960 1973 1067 2036 eadem
1085 1971 1278 2049 substantia,
1295 1976 1350 2039 sed
1364 1975 1495 2051 denam,

311 2087 422 2149 lucere.
440 2083 510 2165 qu
523 2093 631 2148 auton
642 2085 839 2149 contrarium
849 2085 1010 2157 eaistinso,
1026 2082 1138 2146 densas
1151 2085 1265 2149 scilicet
1277 2083 1373 2150 Luna
1381 2095 1495 2168 partes

310 2211 373 2258 esse
395 2211 508 2275 opacas
526 2201 556 2256 et
578 2193 691 2257 lumini
713 2193 972 2274 impermeabiles,
991 2211 1085 2258 raras
1113 2201 1221 2258 autem
1239 2213 1301 2260 esse
1319 2196 1496 2279 diaplranas

311 2321 348 2367 oc
376 2303 504 2367 luminis
533 2305 737 2385 susceptivas,
752 2311 782 2366 et
796 2303 927 2386 moinde
944 2303 1073 2368 lucidas.
1092 2303 1201 2387 Neque
1215 2323 1279 2387 par
1295 2314 1340 2370 est
1357 2309 1443 2372 ratio
1461 2309 1498 2372 de

309 2412 403 2477 stellis
421 2423 450 2477 et
472 2413 509 2478 de
531 2413 828 2488 Lunascumstelloe
844 2416 1009 2498 proprium
1026 2414 1161 2480 labeant
1180 2415 1299 2490 lumem
1319 2418 1376 2482 loc
1394 2427 1441 2482 est
1458 2437 1498 2483 ea

309 2522 412 2587 lucida
424 2523 687 2590 Calisulrstantia
698 2533 891 2601 constratae
901 2525 1031 2606 proinde
1042 2525 1254 2607 maqisdensa
1266 2529 1369 2608 maqis
1381 2527 1495 2602 lucent,

310 2643 472 2718 tamquam
482 2657 522 2702 esc
533 2637 649 2718 majori
657 2637 799 2718 portione
815 2635 924 2699 lucida
941 2636 1124 2700 substantia
1140 2645 1322 2717 compacta:
1339 2646 1373 2702 at
1387 2637 1494 2710 luna,

308 2765 379 2829 qua
394 2747 516 2810 nulum
539 2745 629 2809 ualet
639 2747 805 2826 proprium
816 2746 935 2816 lumen,
947 2745 1002 2808 sed
1017 2745 1118 2809 solum
1133 2747 1319 2818 ascititium,
1331 2763 1395 2828 qua
1402 2755 1493 2828 parte

307 2859 408 2939 maqis
418 2857 569 2920 densaret
579 2858 680 2936 maqis
693 2865 737 2918 est
752 2871 866 2936 opaca,·
880 2855 1016 2919 densitas
1032 2859 1116 2920 enim
1134 2866 1163 2920 et
1181 2859 1336 2922 crassities
1352 2859 1492 2950 corporis

304 2967 546 3050 penneationem
557 2964 682 3046 impedit
696 2963 876 3036 radiorum,-
886 2965 971 3047 quod
981 2969 1187 3050 manifestum
1198 2977 1243 3031 cst
1255 2971 1290 3032 in
1300 2968 1398 3048 maqis
1415 2985 1493 3050 pro-

305 3077 407 3159 [undo
424 3095 461 3142 ac
476 3077 582 3140 minus
590 3074 751 3156 profundo
762 3073 933 3156 ltapnono,
946 3078 1091 3140 erminus
1104 3095 1209 3142 crasso
1220 3087 1249 3142 et
1260 3080 1361 3160 maqis
1373 3093 1494 3143 crasso:

308 3183 452 3268 quamuis
467 3189 551 3253 enim
569 3185 759 3250 illuminatio
775 3203 839 3250 non
856 3187 1029 3268 recipiatur
1044 3189 1215 3270 incorpore
1230 3198 1496 3271 quantoperma-

308 3297 383 3358 dum
394 3295 821 3380 quantitativum(nonenim
832 3295 922 3360 nolet
933 3298 1117 3378 qualitatem
1128 3299 1320 3363 contrariam
1330 3302 1495 3380 positivam

308 3405 423 3484 inipso
437 3403 610 3484 diaplrano,
628 3425 724 3488 quam
741 3425 921 3488 oppuqnare
936 3416 964 3469 et
982 3425 1166 3489 eapuqnare
1181 3407 1302 3482 deleat,
1314 3426 1353 3472 ac
1360 3410 1494 3490 proinde

305 3521 494 3596 perpartem
502 3521 570 3595 past
578 3525 702 3596 partem
713 3516 1006 3602 introduci);tamen
1017 3519 1214 3599 recipiturin
1225 3535 1353 3600 corpore
1364 3528 1491 3600 quanta.

308 3623 365 3690 lta
383 3641 459 3705 quo,
472 3624 549 3704 jure
566 3627 677 3689 merito
687 3626 841 3690 dubitauit
854 3627 959 3700 Acer,
972 3627 1002 3691 6.
1016 3627 1142 3709 Plsqsic.
1155 3617 1304 3692 comnsen.
1317 3627 1371 3704 32,
1385 3637 1491 3693 utrum

257 3813 264 3824 ·
308 3735 497 3799 illuminatio
523 3735 802 3818 comprehendatur
828 3735 887 3798 sub
909 3737 1171 3803 demonstratione
1190 3738 1233 3802 ili
1250 3741 1337 3822 sacta
1354 3739 1397 3804 alr
1415 3737 1494 3805 Ari·

307 3842 419 3917 stotile,
447 3845 531 3926 quod
562 3847 596 3908 in
630 3845 720 3908 omni
754 3850 1030 3912 transmutatione
1062 3849 1220 3930 quicquid
1250 3857 1494 3916 transmutetur

307 3949 427 4034 panim
458 3959 507 4020 est
533 3955 567 4020 in
593 3956 735 4020 termino
758 3974 861 4037 aquo
875 3962 908 4020 et
927 3960 1046 4039 partim
1063 3959 1097 4022 in
1114 3961 1254 4024 termino
1272 3961 1441 4043 adquam:
1460 3969 1491 4022 et

308 4062 505 4140 Alexander,
524 4075 560 4129 ut
578 4067 675 4148 refert
690 4065 797 4143 Acer,
810 4069 936 4148 putauit
956 4068 1041 4133 illam
1059 4071 1275 4151 cumprehendi
1293 4071 1351 4134 sul
1362 4071 1421 4132 lac
1435 4068 1493 4131 de-

306 4177 546 4248 monstratione,
566 4183 595 4238 et
613 4193 736 4239 omnem
754 4180 1049 4242 transmutationem
1060 4181 1128 4261 fieri
1140 4181 1175 4243 in
1187 4189 1334 4262 tempore,
1347 4181 1491 4262 quamvis

306 4283 416 4364 aliqua
432 4285 472 4346 sit
490 4287 525 4348 in
545 4303 609 4368 qua
628 4287 683 4349 loc
703 4286 789 4360 latet,
809 4288 847 4350 olo
865 4287 1033 4352 minimum
1051 4297 1171 4371 tempus
1191 4293 1225 4355 in
1244 4309 1307 4373 quo
1324 4295 1372 4376 fit,
1392 4299 1428 4354 ut
1447 4299 1493 4354 est

308 4392 505 4458 illuminatio.
540 4391 645 4470 Quam
669 4399 856 4461 sententiam
881 4395 1060 4462 Alexandri
1082 4418 1137 4480 eqo
1159 4401 1247 4465 ualde
1264 4401 1377 4483 prolm
1391 4403 1495 4466 omnis

307 4507 390 4571 enim
406 4507 630 4571 transmutatio
640 4525 761 4572 necesse
773 4517 817 4571 est
832 4517 867 4571 ut
881 4512 936 4592 pat
947 4511 982 4572 in
994 4517 1142 4593 tempore,-
1155 4530 1256 4594 neque
1268 4513 1412 4595 aliquam
1422 4529 1496 4594 pos·
