3096 5154
431 355 574 406 mucuns
597 356 730 406 curenno
751 359 831 407 scon
853 360 989 410 sescenos
1013 362 1118 413 cossas
1292 349 1359 417 ιω

644 603 694 670 Ds
711 604 846 672 Medoen
866 633 898 689 pe

267 816 372 885 Multa
391 821 481 885 nabet
499 825 563 888 lae
580 826 706 892 macula
722 830 871 910 insipnite
888 831 1079 913 peculiaria,
1098 851 1169 915 pua
1184 833 1360 901 drmissime

175 933 394 1013 percwenda
412 952 530 999 censeo.

269 1043 299 1106 1.
313 1041 428 1107 Ortum
437 1053 468 1107 et
481 1063 626 1110 occasum
636 1045 733 1124 sulit,
748 1050 784 1112 in
798 1051 867 1132 ipsa
875 1053 1097 1133 propemodum
1107 1053 1363 1137 circumferentia

178 1151 276 1228 Solis,
286 1157 391 1238 doura
403 1155 521 1220 lineola
531 1157 699 1237 enjusdam
710 1160 900 1224 tenuissima
912 1162 1103 1242 niperrc‘mn,
1119 1164 1299 1246 nequeplns
1311 1165 1363 1230 al·

181 1263 315 1328 licantis
329 1281 352 1328 a
365 1263 436 1329 Sole
450 1268 545 1347 spatii
559 1269 643 1332 inter
656 1285 688 1331 se
699 1265 862 1350 Solemque
871 1271 1006 1352 facum,
1020 1283 1281 1356 quomunculam
1294 1277 1363 1358 ipsa

181 1374 313 1438 ostendit
329 1375 418 1440 oculo
440 1378 628 1451 crassitiem,
658 1397 730 1460 pua
755 1380 977 1460 procilitctem‘
992 1380 1101 1448 littera
1120 1383 1130 1444 l
1146 1384 1258 1449 italicae
1273 1387 1362 1467 picto

182 1487 242 1551 oia
260 1485 462 1568 monalcts
473 1490 553 1569 puin
565 1491 660 1553 etiam
673 1489 749 1553 dum
763 1489 921 1565 occideret,
936 1493 1094 1572 superiore
1108 1495 1160 1556 sui
1169 1496 1364 1576 pustulosa

179 1599 275 1663 tertio
291 1599 469 1680 vespertina
488 1597 528 1662 11
541 1599 629 1679 ian,
643 1600 857 1681 peripnenom
868 1597 957 1665 Solis
974 1603 1093 1683 attipit,
1111 1604 1260 1685 inferiore
1289 1623 1363 1670 ocra

181 1709 217 1771 in
234 1705 339 1772 Solem
362 1708 510 1772 nonninil
536 1692 679 1773 introvit.
707 1708 763 1774 Ec
791 1727 857 1792 qua
885 1717 974 1775 ortus
1002 1718 1032 1775 et
1058 1729 1188 1776 cerasus
1215 1713 1364 1780 observa·

181 1820 264 1884 none

267 1928 300 1994 2.
318 1927 464 1994 Habesne
482 1929 560 1993 satis
570 1929 663 2010 insta
680 1927 810 1994 macula
828 1929 925 2010 injus
943 1929 1002 1994 sul
1022 1927 1093 1995 Sole
1111 1950 1216 2010 moro,
1232 1935 1296 1999 dies
1313 1937 1364 2000 oi-

182 2038 287 2104 delieet
306 2037 365 2112 133
381 2055 460 2104 naen
476 2041 577 2120 spatio
606 2040 660 2103 isti
688 2041 885 2115 tenuissimo,
914 2041 950 2106 in
978 2050 1051 2107 ortu
1067 2051 1096 2106 et
1113 2061 1227 2108 occmu
1243 2045 1362 2119 relicto,

177 2148 299 2230 aliquid
315 2157 359 2212 est
377 2149 594 2225 tribuendum,
609 2157 654 2222 et,
669 2151 697 2214 si
710 2149 845 2215 multum
858 2150 1051 2227 tribuamus,
1070 2151 1213 2219 dabimus
1230 2155 1294 2219 dies
1312 2155 1363 2219 id.

273 2257 304 2324 3.
316 2258 617 2325 Sensililitercreoit
631 2259 672 2324 al
685 2270 759 2325 ortu
773 2279 872 2344 usque
886 2263 923 2327 in
938 2263 1088 2337 medium,
1104 2263 1183 2328 idest
1195 2265 1238 2329 od
1251 2265 1364 2331 durni

177 2371 348 2452 januarii,
379 2379 409 2434 et
435 2387 457 2436 a
485 2370 679 2452 dianunrii
708 2369 811 2434 eodem
839 2371 928 2436 modo
957 2372 1091 2436 desevit
1117 2373 1159 2437 ad
1187 2375 1365 2441 occubitum

184 2497 294 2564 usque.

268 2590 302 2655 l.
320 2591 449 2674 Fipuro
465 2595 533 2674 epus
550 2595 614 2677 tuit
630 2596 666 2660 in
680 2595 837 2677 principio
859 2601 947 2658 reeta
964 2595 1208 2677 tenuissimaque
1237 2594 1363 2671 dncota,

181 2701 289 2767 suiad
302 2702 441 2767 nardium
457 2721 557 2785 usque
576 2702 657 2768 Solis
675 2707 791 2770 sensim
807 2707 944 2770 conenit
958 2707 993 2769 in
1010 2705 1126 2770 deutra
1134 2705 1364 2788 porte'pilins,

180 2830 202 2877 a
218 2814 352 2878 minimo
366 2813 479 2878 curule·
498 2823 655 2895 sepmento
668 2815 823 2896 paamtim
836 2832 1018 2880 eacrmmns
1032 2816 1068 2879 in
1080 2815 1210 2898 plnum
1224 2816 1366 2879 semicir-

179 2922 301 2996 culum,
321 2941 416 3005 eoque
434 2923 584 3005 amplius;
601 2942 624 2989 a
639 2925 740 2989 medio
757 2942 830 2990 oero
847 2927 900 2990 sui
922 2925 1081 2991 curriculo
1098 2925 1284 3008 pedetentim
1309 2925 1365 2989 de·

180 3033 255 3114 fecit
269 3040 360 3114 parte
375 3035 428 3097 sui
451 3033 565 3098 dextra
584 3036 619 3098 in
636 3043 795 3115 seponentes
821 3032 1016 3098 semicirculo
1043 3035 1182 3106 minora,
1213 3034 1377 3104 diametro,

182 3144 226 3208 ad
241 3145 403 3209 sinistram
420 3145 575 3227 anpulum
589 3147 682 3227 qnasi
699 3146 856 3226 quendam
872 3143 1066 3209 rectilineum
1084 3143 1252 3223 adjiciens,
1269 3143 1364 3208 donec

182 3258 269 3321 circa
285 3257 406 3320 mlum
423 3259 459 3321 in
479 3255 595 3321 lneom
613 3273 728 3321 rursus
745 3244 984 3337 quodammodo,
1012 3256 1148 3334 superne
1169 3255 1366 3318 crossiuecu-

181 3367 246 3430 lam
261 3375 293 3430 et
306 3368 404 3432 ueluti
422 3369 607 3449 capitatam,
626 3366 720 3431 claua
748 3365 884 3445 alicujus
912 3366 1029 3436 instar,
1059 3365 1168 3427 euasit.
1203 3361 1287 3428 Unde
1306 3381 1366 3428 no-

180 3494 258 3541 cnm
274 3476 674 3558 huncedonensem
696 3477 760 3540 noc
784 3475 991 3556 phoenomena
1020 3474 1106 3537 circa
1134 3471 1254 3548 Solem,-
1283 3475 1365 3538 aldes

178 3586 344 3668 nnpnlort‘s
362 3587 413 3651 ille
431 3586 541 3668 piolus
559 3588 688 3650 sinister
706 3585 789 3650 unde
808 3585 1000 3649 emersisset?

269 3699 300 3761 5.
315 3697 452 3778 Nipredo
468 3701 566 3778 ipsias
585 3700 727 3761 omnium
746 3698 897 3761 hactenus
912 3698 1056 3760 visarum
1068 3694 1268 3760 macularum
1282 3693 1365 3780 (sola

178 3805 305 3871 mocula
321 3805 352 3869 B
370 3808 515 3892 eccepto)
536 3807 665 3873 umbras
683 3808 819 3870 multum
844 3808 1024 3878 antecessit,·
1053 3805 1135 3868 unde
1164 3805 1364 3885 conjicimus,

178 3935 248 3982 eom
266 3917 434 3981 admodum
452 3936 591 3983 crassam
609 3928 638 3982 et
656 3919 784 3981 densam
801 3919 910 3998 fuisse.

268 4029 299 4094 6.
316 4027 361 4093 In
378 4029 479 4092 medio
490 4037 593 4092 tamen
604 4030 656 4093 sui
666 4045 780 4092 cursus
791 4027 931 4092 dilutiori
941 4027 1004 4108 suit
1014 4026 1129 4098 allore,
1145 4041 1243 4105 quam
1257 4032 1365 4097 entem·

178 4139 263 4221 puod
280 4140 347 4204 ideo
365 4138 503 4204 melden
521 4140 768 4203 demonstratum
785 4145 844 4210 est,
863 4138 940 4218 quia
957 4135 1136 4200 drecuores
1149 4133 1262 4199 ididem
1280 4133 1365 4198 radii

177 4266 200 4313 a
216 4247 287 4314 Sole
307 4251 441 4314 immissi
459 4249 631 4314 transitum
660 4246 850 4312 nonnullum
871 4245 913 4310 ad
935 4247 1039 4311 cisum
1060 4253 1205 4312 nostrum
1226 4245 1363 4328 reperire

173 4362 347 4443 potuerint.
357 4359 390 4424 Ε
400 4380 464 4443 quo
474 4360 660 4441 susceperis,
679 4360 745 4423 leae
759 4374 889 4440 corpora
904 4376 969 4422 non
979 4359 1107 4440 penitus
1122 4375 1185 4422 esse
1202 4354 1361 4433 sessove,

177 4471 232 4538 sed
241 4472 449 4542 crassitudine
461 4486 521 4536 sua
531 4467 657 4536 illorum
664 4471 864 4551 potissimum
872 4469 1036 4537 radionem
1046 4464 1364 4552 officeretransitioni.
