3096 5154
427 357 570 409 samana
592 357 724 405 carossa
746 357 826 407 seca
850 357 986 404 sescenas
1009 357 1117 406 cossas
1293 338 1360 406 373

184 506 310 576 ternpus.
329 492 512 559 Redioimus
531 510 604 574 erpa
620 492 663 555 od
680 493 736 556 boc
755 471 914 573 nepotium
931 509 1036 556 neenec
1048 496 1210 574 praterito
1227 497 1358 569 octobri,

181 606 413 688 reperimusque
432 605 468 668 in
486 600 557 668 Sale
575 609 758 684 apparentes
787 603 947 678 maculas,
976 622 1012 668 eo
1036 603 1127 671 noae
1142 605 1209 686 [ere
1226 623 1288 686 ouo
1306 607 1360 671 de·-

180 718 312 798 seriptas
330 714 425 780 rides.
453 710 539 788 (luia
566 729 640 780 uero
667 730 717 777 res
746 713 809 779 bac
835 714 922 777 omni
949 712 1006 798 fide
1031 731 1127 795 prope
1156 715 1259 796 major
1276 725 1360 789 erat,

180 824 393 894 dubitavimus
411 823 518 896 initia,
538 841 578 886 ne
596 823 677 904 [orte
694 821 728 886 id
746 820 856 886 latente
879 822 1027 903 quodam,
1054 823 1102 888 ml
1127 823 1289 891 oculomsm
1314 827 1362 890 oet

181 934 249 1001 cabi
264 934 314 1000 ccl
331 934 429 1006 aeris,
450 933 526 997 nitio
543 931 705 999 arrideret.
723 929 836 1013 ltaque
855 931 1055 998 muranenses
1077 932 1363 1001 diversissimorum

181 1044 300 1119 aculon
319 1044 375 1124 aui
392 1059 509 1115 omncs,
527 1040 612 1107 nullo
630 1041 766 1122 dempto,
783 1040 905 1114 eadm,
923 1041 1087 1122 codemque
1109 1043 1176 1106 situ
1200 1051 1229 1106 et
1251 1045 1361 1109 ordine

181 1162 211 1217 et
232 1170 379 1225 numera,
397 1141 561 1216 uiderunt:
578 1150 788 1217 conclusimus
807 1168 880 1231 erpo
901 1151 1015 1215 sitium
1031 1153 1068 1216 in
1084 1152 1182 1217 oculis
1201 1172 1267 1218 non
1283 1172 1365 1228 esso,-

181 1262 263 1327 olias
280 1263 364 1326 enim
381 1257 440 1343 qui
454 1262 524 1344 steri
548 1269 665 1344 posset,
695 1269 731 1325 ut
758 1269 823 1327 torn
851 1260 1047 1326 diemsorum
1070 1263 1152 1327 oculi
1181 1264 1363 1330 uniusmodi

182 1371 345 1454 affectione
364 1371 556 1446 laborarent,
575 1370 764 1454 unamque
782 1373 874 1436 certis
889 1370 996 1436 dicbus
1014 1379 1175 1437 mourent
1191 1374 1228 1437 in
1244 1373 1364 1439 oliam?

181 1478 363 1555 Amedebat,
374 1480 458 1563 quod
469 1481 498 1544 si
512 1481 576 1545 bac
590 1481 673 1545 oculi
687 1482 764 1546 nitio
778 1482 949 1555 euenirent,
962 1481 1119 1562 oportebat
1133 1485 1284 1559 maculas,
1296 1504 1364 1550 una

180 1606 254 1654 arun
269 1589 358 1655 oculo
368 1587 473 1655 Solem
479 1599 686 1672 peroptante,
701 1592 798 1656 etiam
808 1573 948 1658 'cundem
958 1608 1148 1672 peroptare:
1159 1593 1244 1674 quod
1258 1603 1363 1660 tamen

181 1700 309 1763 minime
326 1699 501 1767 metuebas:
518 1699 601 1766 oculi
618 1719 691 1781 erpa
709 1717 816 1766 errore
835 1702 898 1765 bac
915 1702 953 1764 iu
967 1698 1071 1766 Solem
1084 1701 1243 1768 introduci
1257 1709 1365 1769 neuti-

183 1827 278 1890 quam
290 1827 395 1892 posse,
415 1811 612 1874 unianimiter
627 1827 650 1873 a
668 1809 923 1892 quamplurimis,
946 1819 976 1874 et
992 1820 1086 1884 recte,
1104 1820 1150 1876 est
1172 1814 1364 1878 conducunt.

188 1919 267 1986 Vitri
294 1922 402 2002 itaque
429 1918 555 1983 mulitia
583 1936 640 1983 nos
668 1919 811 1985 sollicitos
840 1919 977 1994 tenebat:
1005 1920 1189 1986 timebamus
1219 1925 1304 1986 enirn
1325 1943 1365 1987 ne

181 2030 276 2098 tubus
293 2031 383 2097 nobis
412 2032 596 2112 imponeret.
615 2029 667 2094 Ad
685 2031 740 2094 luc
758 2029 1000 2110 explorandum,
1030 2027 1119 2094 tubos
1148 2030 1366 2097 diversissima

181 2141 310 2207 uirtutis
326 2140 530 2206 adhibuimus
546 2147 628 2212 octo,
657 2141 713 2220 qui
741 2156 845 2205 omnes
870 2159 932 2220 pra
959 2157 1017 2204 suo
1044 2139 1169 2204 modula
1195 2140 1301 2205 mens
1329 2143 1365 2205 in

183 2245 255 2312 Sole
277 2248 492 2315 usmaeoant:
508 2257 552 2322 et,
570 2251 599 2314 si
616 2266 762 2314 successu
779 2251 922 2331 temporis
941 2266 1026 2313 unus
1051 2249 1173 2329 aliquid
1192 2251 1296 2324 nobis,
1318 2252 1368 2316 uel

183 2359 260 2423 nooi
281 2356 331 2423 orl
354 2358 664 2432 molestantibus,
693 2359 775 2422 idem
799 2358 992 2441 prostabant
1020 2368 1051 2422 et
1080 2361 1188 2424 ceteri:
1211 2369 1367 2440 pratmea

184 2467 332 2534 tubonm
347 2466 477 2549 quilibet
493 2470 758 2548 woumoprotus,
778 2469 838 2532 buo
857 2468 929 2533 illuc
947 2477 1130 2541 commotus,
1147 2470 1288 2534 maculas
1307 2489 1367 2533 ne-

181 2594 344 2660 quaquem
357 2594 467 2644 secun
494 2577 558 2642 loca
586 2578 699 2650 mooit,·
726 2595 797 2658 quo
816 2585 922 2642 tantm
938 2577 1078 2643 accidere
1107 2576 1269 2651 debebant,
1284 2569 1316 2642 'si
1331 2579 1369 2642 id

177 2688 406 2770 plommenon
416 2686 682 2769 tubueffieiebot.
699 2685 783 2750 llnde
794 2695 875 2752 recte
884 2689 1009 2768 pariter
1024 2686 1242 2761 conclusimus,
1254 2687 1367 2752 tubum

180 2797 239 2863 bac
255 2798 293 2862 iu
313 2814 349 2862 rc
378 2799 467 2862 asnni
484 2796 576 2879 culpo
594 2799 706 2862 merito
724 2815 846 2862 uacare.
865 2794 1039 2878 Supererat
1066 2815 1137 2872 oar,
1168 2799 1220 2861 cui
1238 2798 1366 2878 quidem

179 2909 249 2972 oisa
276 2907 340 2971 tae
368 2905 503 2971 attribui
532 2925 597 2970 non
620 2915 810 2988 potuerunt:
822 2908 938 2988 primo,
967 2908 1046 2988 puio
1068 2908 1276 2987 planomena
1302 2908 1365 2970 isto

181 3024 270 3080 matu
284 3015 414 3090 bisunu,
433 3035 527 3098 ouem
544 3014 601 3080 Sol
617 3018 753 3097 aprima
769 3016 875 3081 meabili
891 3018 1021 3097 occipit,
1044 3017 1168 3096 pariter
1198 3034 1271 3080 curn
1293 3013 1364 3080 Sole

181 3124 366 3191 oriebantur
381 3134 410 3190 st
428 3126 623 3200 occidebant,·
640 3143 746 3191 aerem
763 3145 836 3192 oero
853 3127 979 3207 purori3
1002 3133 1060 3188 aut
1081 3124 1204 3205 aliquid
1221 3127 1257 3188 irs
1275 3143 1364 3195 aere,

182 3244 251 3300 tarn
267 3243 459 3309 mmmmm,
478 3236 893 3317 inauditumest,procipuc
912 3233 970 3297 sub
989 3232 1111 3298 tantilla
1126 3218 1208 3298 Sblis
1226 3253 1363 3316 corpore,

181 3341 268 3426 arcad
283 3351 329 3408 cst
343 3345 432 3426 prod
448 3345 468 3409 0
483 3347 597 3409 minut.
613 3342 655 3410 30
665 3345 738 3426 plus
753 3346 869 3408 minus
885 3342 1046 3419 Secundo,
1065 3346 1143 3426 quia
1157 3347 1365 3427 pbauomena

179 3453 244 3519 ista
258 3453 378 3519 nullom
389 3454 596 3519 admittebant
606 3454 815 3537 parallaaim,
834 3472 904 3535 qua
923 3462 1028 3517 tamen
1041 3456 1110 3537 ieri
1127 3455 1254 3520 debebat
1272 3473 1365 3519 mane

179 3570 210 3626 et
225 3565 364 3646 uesperi,
380 3566 409 3628 si
426 3566 462 3629 irs
475 3583 549 3630 acre
567 3584 639 3631 cum
657 3563 728 3629 Sole
742 3572 936 3630 rotarentur.
953 3561 983 3626 Τ
980 3564 1073 3636 ertio,
1092 3566 1171 3645 quia
1183 3573 1270 3628 nsotu
1284 3583 1365 3647 pro-

175 3672 265 3752 pria,
284 3690 380 3755 saque
409 3676 580 3747 constanti,
609 3675 657 3738 oel
683 3674 742 3738 sub
772 3671 843 3738 Sole
875 3673 923 3738 ocl
950 3692 1023 3737 cum
1051 3670 1122 3737 Sole
1145 3674 1364 3747 vertebantur,

179 3781 277 3864 iisque
306 3780 381 3859 olio,
401 3784 542 3867 alioque,
563 3782 645 3850 Solis
674 3786 737 3849 looo
765 3783 1053 3866 conspiciebantur:
1082 3783 1179 3848 donec
1199 3784 1239 3848 ab
1261 3785 1365 3848 codem

174 3893 305 3973 penitus
318 3901 389 3974 post
407 3894 519 3959 multos
539 3895 602 3958 dies
620 3893 833 3976 disparebant,
852 3892 892 3956 ab
912 3901 985 3956 ortu
1000 3891 1053 3975 (ut
1071 3894 1150 3956 milti
1167 3891 1308 3976 uidetur)
1328 3894 1364 3954 irs

178 4019 340 4082 osmunt,
360 4004 410 4069 oel
426 4014 507 4070 certe
529 4024 551 4069 o
574 4005 667 4072 boreo
685 4023 726 4068 ea
739 4011 831 4084 parte
861 4005 896 4065 in
918 4010 1082 4066 austrum:
1109 4002 1145 4065 de
1174 3995 1237 4084 auo
1259 4009 1364 4065 tasum

179 4119 268 4177 matu
293 4114 431 4178 certiora
458 4115 577 4179 dabunt
610 4114 838 4179 obseruationes
871 4113 1085 4176 diuturniores
1119 4121 1149 4174 et
1180 4112 1363 4176 exactiores.

166 4215 322 4296 Uvam,
351 4225 431 4306 auio
459 4226 523 4290 bac
548 4227 756 4307 phoenomena
786 4209 948 4288 invariato
975 4224 1157 4305 aspeximus
1185 4222 1281 4286 ctiam
1303 4241 1364 4303 per

179 4330 293 4408 ssubes.
312 4336 470 4401 tenuiores
489 4345 608 4413 tanuen,
637 4338 726 4419 intra
754 4333 856 4400 Salem
883 4333 1069 4398 tumultuose
1099 4338 1363 4396 transcurrentes.

177 4438 252 4507 Non
271 4444 373 4526 ipitur
391 4455 467 4512 sunt
485 4448 519 4511 in
534 4465 620 4522 aere,
639 4455 674 4512 ut
694 4456 813 4512 taceam
827 4444 935 4527 plures
957 4443 1036 4508 alias
1058 4445 1211 4508 rationes:
1240 4458 1361 4504 necesse
