3096 5154
188 337 254 404 302
572 352 671 400 susim
694 353 798 402 cason
820 357 859 402 aa
883 356 980 404 ancos

190 503 255 557 tate
283 490 420 560 laminis,
451 495 487 548 at
515 485 702 551 dictumest.
721 488 765 553 Et
783 493 829 554 ita
843 493 966 572 pariter
982 510 1089 556 ceram
1105 500 1163 566 est,
1181 494 1301 573 ipson,
1324 497 1362 552 nt

185 599 406 670 suostantiam,
434 597 580 678 penerori
608 596 648 660 ab
677 601 826 674 nnioooo,
856 602 999 682 anamais
1026 621 1089 666 non
1110 602 1149 666 al
1167 602 1301 666 nniooco
1320 603 1359 662 in

182 712 295 790 specie:
308 724 373 770 non
392 706 476 770 enim
496 690 714 771 colonilem
731 727 850 792 corpas.
862 719 907 774 est
924 712 1022 793 specie
1042 728 1113 774 enm
1128 712 1198 791 ipne
1225 709 1266 772 ob
1295 710 1365 790 ipso

182 818 299 899 penita,
316 816 370 880 sea
386 834 497 897 ponere
517 825 657 890 tantan,-
674 819 759 899 aaod
775 821 887 902 suffieit
904 823 939 884 in
953 821 1153 902 quaeratione
1166 818 1363 882 substantia.

182 925 289 1007 Nepae
307 927 452 1007 seqnitnr
471 927 707 1002 inconveniens,
726 929 822 1010 anm,
837 928 960 994 salloto
977 947 1112 995 concaoo
1128 929 1251 1010 spscalo
1264 927 1306 991 ai
1326 945 1363 990 eo

181 1036 244 1100 looo
261 1034 315 1098 ali
332 1033 570 1118 reflectebantur
588 1037 688 1111 radii,
706 1045 735 1101 et
754 1046 891 1103 cessante
908 1039 1092 1139 repeaione,
1117 1045 1213 1103 cesset
1233 1035 1363 1100 comia-

179 1148 250 1217 stio,
269 1145 355 1208 nullo
373 1155 552 1209 remanente
572 1148 607 1209 in
624 1164 696 1211 aere
711 1147 896 1213 intermedio
912 1149 1125 1231 calefactionis
1140 1147 1279 1226 oestipios
1293 1147 1359 1209 nae

178 1256 261 1319 enim
279 1254 435 1329 catiairos,
453 1274 526 1319 cnm
543 1256 585 1320 ool
601 1256 865 1322 illuminationem
883 1266 1038 1341 sepnatnr
1055 1267 1084 1322 et
1101 1256 1144 1321 ad
1160 1255 1361 1338 reflexionem

176 1374 234 1430 ont
251 1367 475 1447 refractionem
493 1364 633 1440 laminis,
653 1384 718 1430 non
735 1374 842 1430 antem
858 1367 901 1432 ad
917 1369 1111 1433 attritionem
1127 1367 1225 1439 anis,
1242 1372 1363 1428 remoto

178 1476 310 1547 lamine,
332 1493 453 1539 necesse
472 1485 517 1538 ost
527 1484 556 1539 et
567 1477 669 1556 ipsam
675 1477 798 1556 parites
815 1478 983 1550 removeri,
1001 1474 1087 1540 nnllo
1101 1475 1208 1539 relicto
1221 1475 1360 1554 oestipio,

178 1589 241 1650 nisi
257 1588 293 1650 in
311 1585 447 1666 sabjecta
464 1589 500 1650 in
518 1606 581 1669 qao
597 1588 671 1669 fecit
688 1589 855 1653 actionem.
874 1585 964 1653 Anao
979 1567 1076 1652 etiam
1094 1588 1177 1651 aeris
1194 1588 1361 1652 raritatem

176 1706 207 1761 et
225 1696 442 1769 subtilitatem
460 1715 501 1760 esc
519 1716 581 1778 pao
600 1715 665 1760 non
682 1706 779 1778 potest
797 1699 983 1780 impressam
1000 1696 1191 1762 caliditatem
1202 1696 1295 1778 {acilo
1308 1712 1361 1759 re·

175 1811 286 1872 tinere.
307 1803 406 1882 Quem
424 1807 550 1870 modnm
567 1807 773 1888 respondendi
791 1816 932 1871 secatam
948 1808 1047 1888 [nisse
1072 1803 1258 1878 Acerroem,
1281 1806 1359 1885 lepi-

177 1936 249 1982 mas
275 1919 296 1981 2
326 1917 361 1980 de
392 1915 465 1979 Coei.
495 1935 603 1981 comm
633 1916 686 1990 12,
713 1916 756 1980 ao
774 1918 868 1981 lmine
887 1919 1031 1999 eaapitat
1047 1917 1264 1999 annectionem:
1279 1925 1357 1978 sant

176 2035 281 2089 antem
310 2028 373 2089 ltoec
404 2027 471 2107 ejas
500 2027 608 2098 occlto,
632 2025 746 2108 qnilns
763 2028 926 2108 proposuit
945 2026 1075 2090 eandem
1093 2026 1299 2108 oliffimlotem
1318 2024 1356 2088 de

173 2135 280 2199 allata
297 2135 505 2200 combustione
523 2144 553 2198 et
575 2135 689 2208 calore,
712 2134 834 2199 calloio
862 2136 984 2216 specnlo
1011 2153 1033 2199 a
1063 2154 1127 2217 pao
1152 2137 1187 2219 pt
1214 2133 1354 2215 callonia,

174 2264 269 2327 qnam
288 2264 344 2308 nos
358 2263 458 2327 snpra
475 2244 640 2308 ottalimns
658 2263 715 2326 pro
734 2244 941 2310 adversariis:
958 2266 976 2306 n
998 2243 1077 2309 Com
1094 2245 1195 2325 ipitnr
1212 2246 1361 2324 potneri-

175 2375 282 2420 »mns
301 2374 413 2438 corpas
433 2365 564 2424 tersum.
582 2373 604 2419 a
624 2373 685 2437 pao
701 2354 786 2419 rodii
803 2355 1009 2438 reflectantur
1037 2355 1079 2419 ad
1106 2345 1208 2420 mam
1234 2356 1269 2418 in
1297 2372 1359 2435 qno

175 2466 295 2529 »raclii
313 2475 403 2529 erant
421 2474 510 2537 ante,
530 2464 669 2529 oiaemns
692 2464 782 2528 illnm
812 2464 913 2530 locam
940 2466 1072 2553 calefieri
1101 2467 1158 2545 oni
1186 2473 1258 2530 erat
1284 2472 1357 2529 ante

176 2599 193 2637 s
212 2577 366 2658 scipiones:
383 2585 425 2648 et,
443 2577 472 2639 si
490 2575 567 2638 ilina
584 2591 696 2654 corpas
714 2591 845 2638 rarsnen
863 2575 1064 2655 auferamus,
1082 2575 1252 2655 asseretur
1267 2574 1357 2655 relle-

176 2709 193 2745 n
211 2688 280 2762 nio,
308 2695 337 2748 et
365 2683 609 2764 resriporaleitnr
628 2682 721 2745 locos.
740 2681 848 2762 Ipitar
865 2699 906 2745 ea
923 2683 980 2746 noc
995 2684 1151 2764 apposito,
1171 2684 1256 2765 qnod
1272 2683 1354 2748 solii

177 2821 194 2858 n
215 2796 402 2878 calefaciant
418 2811 475 2874 per
489 2809 535 2865 se,
554 2799 583 2854 et
598 2808 648 2855 eos
667 2808 731 2852 non
750 2807 813 2853 esse
831 2809 943 2872 corpas
962 2792 1226 2868 aectorosnmesn
1243 2793 1357 2858 nodam

177 2931 194 2966 »
215 2915 250 2968 at
269 2908 331 2968 sint
351 2922 462 2984 corpus
483 2902 626 2965 colislnm.
648 2923 663 2959 »
689 2896 767 2972 Once
787 2918 858 2962 cnm
877 2900 1020 2974 dixisset,
1033 2903 1247 2985 offertdeinde
1259 2923 1355 2968 mnam

174 3020 372 3087 solationem,
392 3033 489 3095 snpra
507 3013 633 3075 allatam
653 3012 784 3071 etiamn
804 3011 904 3082 nobis,
925 3012 1007 3092 qaod
1026 3014 1130 3076 lamen
1150 3023 1281 3094 penerat
1304 3032 1355 3076 ea-

174 3127 513 3202 ammonicionem
542 3129 656 3190 arctas,
688 3127 849 3199 tamquam
877 3138 974 3182 cansa
1003 3125 1172 3202 coqniooca.
1204 3122 1354 3203 Deinceps

174 3256 260 3305 cero,
282 3239 337 3296 leae
356 3235 506 3294 solatione
527 3230 654 3291 oninime
673 3237 851 3301 contentas,
873 3232 954 3292 nano
972 3232 1105 3295 alterans
1128 3232 1236 3313 affert,
1262 3250 1355 3312 qaam

175 3361 230 3405 nos
249 3343 427 3405 attalimns:
440 3350 515 3404 sant
526 3350 631 3403 antem
647 3342 709 3403 lac
724 3341 791 3419 eJ'ns
810 3341 920 3405 verba:
935 3340 1075 3406 «Etiam
1090 3344 1133 3406 sic
1150 3343 1237 3407 altra
1260 3361 1355 3425 appa·

177 3479 193 3513 »
213 3464 275 3524 ret,
296 3452 377 3532 qsoosl
397 3461 452 3514 ont
471 3460 513 3514 est
527 3469 623 3515 caasa
635 3451 846 3521 accidentalis,
863 3452 942 3513 sient
956 3453 992 3513 sie
1004 3462 1104 3524 recola,
1118 3462 1175 3515 ant
1187 3455 1248 3516 erit
1261 3469 1354 3515 consa

176 3591 192 3626 »
212 3565 381 3628 consimilis
393 3583 447 3644 por
459 3581 503 3634 se,
517 3582 586 3643 qna
597 3564 737 3641 provenit
754 3560 841 3623 nobis
855 3580 894 3623 oa
906 3572 993 3625 mota
1011 3564 1182 3635 stellarum,
1204 3564 1355 3644 quoniam

177 3702 193 3738 a
214 3694 277 3739 non
297 3685 340 3736 est
361 3685 526 3743 consolans,
547 3684 582 3734 nt
600 3674 660 3733 ista
677 3673 781 3751 sororia
800 3672 961 3751 copuletur
979 3693 1050 3736 cnm
1071 3673 1201 3746 lamine,
1221 3685 1249 3736 et
1269 3674 1355 3753 refle-

176 3814 192 3849 »
214 3796 316 3852 ctotnr
336 3805 406 3847 cnm
426 3803 485 3846 sna
504 3784 685 3864 reflexione,
705 3789 733 3842 et
753 3780 956 3846 abscindatur
978 3803 1049 3847 cnm
1072 3802 1132 3847 sno
1155 3784 1356 3851 abscissione,-

176 3924 193 3958 »
215 3900 363 3979 quostiam
383 3896 576 3976 opinandum
596 3905 654 3967 ost,
673 3893 769 3973 qnod,
799 3898 942 3974 qnacnois
972 3914 1101 3975 corporo
1132 3891 1356 3976 supercoelestia

177 4036 193 4070 »
214 4013 277 4072 sint
298 4016 425 4078 neutro,
447 4016 564 4077 tarcian,
585 4009 618 4067 in
637 4014 793 4084 petoritum
811 4014 885 4068 satit
906 4023 1049 4085 corporo,
1074 4004 1189 4067 nabent
1217 4017 1356 4065 commn-

178 4146 193 4181 »
214 4121 401 4182 nicationenc
424 4137 495 4179 cnm
518 4117 671 4178 elencenlis
707 4119 740 4179 in
772 4117 1002 4195 diophaneitate
1028 4126 1055 4179 et
1075 4116 1305 4178 illuminatione
1328 4123 1356 4172 et

179 4258 194 4292 »
214 4231 415 4301 obscuritato;
445 4239 472 4291 et
503 4228 568 4289 ioloo
596 4228 668 4288 (licit
690 4226 884 4297 Aristoteles,
906 4226 939 4286 in
960 4226 1027 4289 libr.
1048 4228 1083 4289 de
1105 4224 1256 4297 Animal..
1275 4222 1357 4305 qnod

180 4368 195 4402 a
219 4350 334 4404 natissa
355 4339 453 4402 Licino
473 4349 514 4401 est
535 4337 644 4399 siccoilis
664 4346 786 4398 'stolatae
807 4337 897 4414 ipnis.
920 4362 936 4397 »

265 4451 314 4514 Aa
334 4450 419 4512 alind
440 4470 508 4512 ceto
533 4457 767 4526 ‹trpceytcol’ntnnm
789 4466 826 4508 on
846 4450 1006 4525 principiis
1027 4459 1053 4509 sl
1074 4449 1218 4511 doctrina
1243 4450 1355 4528 ipsias·-
