3096 5154
321 563 395 669 ot
431 556 796 670 tunsoratus
833 560 891 668 ΙΝ
929 559 1075 668 ottttt
1111 558 1262 671 tttttt

726 831 874 860 40>—

729 1206 833 1270 Csour
857 1206 881 1269 t.

306 1409 488 1490 Proponitur
505 1408 651 1472 Autttoris
667 1408 804 1484 intenlio,
820 1414 851 1471 ct
866 1407 1055 1488 Disputaoda
1071 1417 1302 1476 enumerantur.

301 1645 512 1725 Mercurium,
532 1647 714 1712 caduceum
732 1654 914 1728 portantur,
932 1646 1067 1711 calestia
1084 1650 1249 1722 nuntiare,
1266 1659 1295 1712 ot
1312 1668 1399 1715 ntor-

207 1764 336 1822 tuorum
368 1759 494 1821 animas
524 1757 564 1821 ab
595 1756 716 1838 Inferis
743 1774 911 1830 reuocare,
933 1759 1058 1838 sopiens
1080 1761 1176 1842 punit
1207 1762 1398 1842 antiquitas:

208 1865 366 1932 Golileum
394 1885 489 1940 uero,
514 1885 630 1933 nouum
653 1866 740 1931 lonis
758 1846 978 1947 interprendn,
1008 1866 1166 1950 telescopio
1184 1869 1328 1933 oaducoeo
1345 1871 1399 1933 in-

206 1986 380 2052 structum,
411 1975 538 2060 Sydero
554 1979 699 2060 aperire,
728 1985 758 2040 et
784 1985 927 2040 ueterum
958 1977 1210 2058 philosophorum
1227 1997 1336 2042 manes
1358 1980 1400 2044 od

201 2105 328 2168 superos
346 2105 484 2161 euocare,
502 2087 598 2152 solers
617 2096 727 2152 nostra
743 2095 818 2151 atos
833 2087 915 2151 uidet
935 2094 965 2150 et
978 2086 1167 2151 admiratur.
1185 2086 1294 2169 Neque
1314 2106 1396 2162 uero,

209 2205 245 2259 ut
262 2214 322 2277 por
341 2199 370 2260 ei
388 2216 501 2262 nornen
518 2207 613 2279 atque
631 2199 766 2280 officium
787 2215 860 2261 cum
877 2195 1039 2262 Mercurio
1053 2206 1098 2261 cst
1114 2195 1246 2279 Spderei
1264 2196 1398 2272 Nuncii,

208 2322 231 2368 a
248 2307 349 2387 prisci
376 2306 461 2370 illius
487 2307 642 2373 Mercurii
671 2308 818 2372 caducae
839 2308 908 2388 ejm
938 2307 1130 2389 telcscopium
1152 2308 1271 2392 differt:
1292 2311 1400 2374 omitto

209 2415 293 2479 tudo
310 2419 460 2500 paurum.
479 2435 577 2499 puom
598 2420 635 2481 in
654 2419 885 2498 antiquissimis
900 2416 1056 2482 Mercurii
1070 2419 1169 2498 sipnis
1183 2419 1399 2498 conspicimus,

207 2527 304 2607 iruJ'us
318 2528 455 2608 smtasse
472 2530 676 2592 instrumenti
689 2530 827 2610 smmum
841 2529 1105 2609 prasipnontemr
1132 2525 1186 2589 sed
1203 2528 1401 2606 potissimum

203 2634 396 2717 contemplor
411 2646 567 2719 serpentes
586 2638 770 2702 cadurcum
787 2637 960 2719 amplexos,
979 2644 1091 2700 mutuo
1110 2653 1142 2698 se
1164 2637 1201 2699 iu
1222 2639 1400 2700 summitate

201 2747 403 2828 aspicientes,
436 2748 646 2811 certissimum
668 2749 828 2828 pipilantis
857 2756 954 2828 atque
980 2746 1171 2828 perspicacis
1202 2748 1284 2810 oculi
1314 2764 1401 2828 spru-

204 2856 324 2931 lloluns‚
341 2857 436 2938 cuius
455 2860 599 2922 tantuin
617 2860 666 2922 itis
684 2858 875 2923 animalibus
904 2860 952 2922 oie
982 2859 1137 2930 creditur,
1160 2857 1402 2938 utinopinabili

204 2975 320 3032 euentu
336 2966 466 3050 aliquod
487 2987 528 3032 ec
547 2970 623 3050 ipsis
645 2975 842 3049 conspectum
859 2967 984 3030 animal
1011 2969 1195 3032 interimere
1215 2983 1305 3046 posse
1323 2983 1401 3046 per-

208 3075 371 3151 libratum·
390 3077 474 3159 quod
496 3078 594 3142 ueluti
616 3087 737 3141 certum
761 3076 906 3141 ansultis
936 3077 1089 3149 traditur,
1114 3084 1143 3139 ct
1165 3094 1187 3139 e
1210 3075 1320 3151 nullis,
1344 3086 1402 3140 out

208 3191 268 3254 cie
279 3191 409 3272 paucis,
424 3190 574 3256 ereditur.
592 3189 646 3253 Ito
663 3191 758 3253 huius
778 3189 933 3270 telescopii
950 3189 998 3251 uis
1017 3195 1141 3252 tontum
1159 3185 1285 3250 uidendi
1303 3187 1403 3250 acient

203 3299 342 3380 profert,
360 3307 510 3382 utsupra
529 3301 693 3364 nominum
714 3301 928 3365 credulitatem
951 3307 1121 3362 narratum
1137 3296 1282 3382 solutore
1305 3299 1402 3362 audi-

204 3411 395 3484 retur‚.nisi
414 3411 449 3474 id
466 3428 564 3493 paam
585 3412 754 3493 sanissime
773 3410 879 3474 multis
898 3411 1118 3491 experimentis
1141 3403 1262 3474 notum
1275 3410 1400 3491 fuisset,

204 3538 310 3602 neque
326 3521 402 3595 uui,
419 3531 479 3585 cut
494 3523 601 3596 alteri,
618 3521 672 3584 scd
689 3538 787 3602 quam
811 3522 973 3601 plurimis,
1002 3538 1105 3600 neone
1123 3520 1279 3601 preporiis
1301 3519 1402 3581 nomi·

202 3630 316 3704 nilus,
338 3631 392 3695 sed
409 3632 579 3714 praecipuis
594 3641 689 3713 atquc
711 3631 884 3714 disciplinis
899 3630 1059 3703 omnibns,
1076 3647 1212 3693 necnon
1228 3631 1403 3693 notnemo-

176 3728 276 3807 'ticis
308 3750 339 3806 et
369 3742 477 3825 opticis
495 3744 674 3824 praecptis,
696 3745 839 3825 apprime
857 3742 1042 3813 instructis,
1072 3738 1181 3803 scdulo
1208 3739 1403 3820 ocdilipenti

201 3852 397 3934 inspectione
405 3861 627 3918 monstratum.
637 3851 701 3916 Sed
710 3855 752 3917 ad
767 3855 903 3917 alterum
914 3853 1009 3914 liuius
1026 3850 1165 3913 coduccei
1179 3867 1298 3912 munus
1315 3867 1402 3912 nunc

204 3969 422 4038 transeamus,
440 3981 504 4044 quo
522 3965 572 4028 nic
591 3962 748 4029 Mercurii
766 3962 898 4025 emulus
922 3967 1063 4024 mortuos
1082 3960 1243 4051 advitam
1262 3968 1401 4035 reuocat,

205 4067 378 4153 Orpheum,
386 4071 557 4149 Thaletem,
569 4072 761 4144 Pniloloum,
773 4070 999 4143 Democritum,
1007 4068 1207 4134 Heraclitum
1218 4068 1400 4139 Ponticum,

206 4180 453 4264 Anacoporom,
473 4203 511 4248 oc
531 4186 657 4249 tandem
686 4185 783 4248 etiam
813 4180 981 4245 Plutarchi
1010 4178 1210 4263 Lampriom:
1228 4176 1401 4247 cumcuim

208 4311 314 4358 suurn
332 4294 368 4358 de
387 4295 525 4369 Mundo,
545 4316 609 4359 non
628 4295 718 4359 modo
735 4293 881 4365 obsoleta,
920 4291 1145 4356 verumetiam
1168 4291 1285 4356 altolita
1301 4287 1399 4364 sumt

209 4404 391 4483 opinionum
407 4414 485 4472 esset
500 4407 665 4481 memoria,
683 4407 804 4471 crunctis
821 4421 891 4470 reem
908 4401 1078 4470 Academia
1094 4414 1121 4470 ct
1135 4404 1283 4482 Peripato
1298 4400 1398 4449 rtrum
