3096 5154
505 342 544 389 os
568 339 773 389 sonnonsms
798 340 828 387 m
851 339 932 388 onos
955 342 1042 388 sons
1296 325 1359 391 3⁴7

182 479 283 554 modo,
295 495 358 561 quo
369 476 503 541 odorat
522 480 594 558 iqne
613 477 866 542 communicatur
882 479 964 549 aeri,
985 476 1091 540 iumen
1108 477 1205 541 eidem
1221 496 1360 543 commu·

181 592 309 655 nicatur
323 607 346 652 a
363 604 489 670 corpore
508 586 624 659 incido:
643 587 705 649 nisi
721 586 806 666 quoa
823 585 921 659 calor,
940 587 1136 650 contrariam
1149 588 1310 650 insaniens
1324 588 1360 648 in

179 700 317 782 subjecto
333 698 535 780 qualitatem,
550 704 607 759 aut
625 697 793 760 contrariu
811 695 1057 777 aquipoiientem
1078 696 1226 769 mediam,
1238 697 1273 759 in
1284 704 1361 759 tem-

175 828 251 893 pore
266 809 426 873 etsensim
448 805 675 879 introducitur,
696 805 801 868 iumen
824 814 944 879 autem,
964 805 1085 869 nuliam
1103 807 1267 869 inveniens
1285 823 1361 868 eon-

179 923 275 986 trnrii
291 918 516 989 resistentiam,
533 915 636 980 tabita
655 925 684 978 et
702 924 855 980 actutum.
874 915 949 981 Luc
968 918 1084 997 iqitur,
1103 917 1283 998 incorpore
1303 934 1361 997 per

179 1048 212 1094 se
242 1029 356 1102 incido,
385 1025 472 1090 uerbi
499 1027 605 1107 qratia
632 1027 668 1088 in
698 1023 773 1090 Sols'
791 1035 820 1089 et
841 1028 937 1090 astris
956 1044 1016 1090 sua
1034 1034 1154 1090 natura
1173 1025 1297 1100 incidis,
1316 1035 1361 1090 est

179 1140 306 1204 habitus
324 1146 355 1202 et
371 1136 507 1219 qualitas
525 1134 655 1199 secundi
673 1137 809 1216 qeneris,
829 1144 858 1199 et
869 1138 913 1199 eis
926 1137 1067 1217 competit
1079 1134 1259 1198 insecundo
1273 1135 1361 1198 modo

180 1247 303 1313 dimndi
325 1263 386 1328 per
411 1261 443 1307 se
465 1243 520 1328 (ut
542 1242 746 1324 Peripatetici
767 1243 912 1328 dicunt),·
930 1245 1132 1325 consequitur
1150 1245 1234 1307 enim
1253 1262 1361 1308 earum

180 1358 360 1428 essentiam,
378 1363 408 1418 et
424 1352 676 1434 inseparabiliter
693 1353 753 1416 iilis
773 1355 932 1434 competit,
949 1361 978 1415 et
1007 1352 1152 1434 proinde,
1181 1370 1239 1433 pro
1268 1355 1361 1416 uana

180 1466 306 1530 iliorum
321 1465 471 1537 essentia,
489 1464 579 1526 oario
595 1463 685 1526 modo
702 1461 836 1545 fuiqent,
855 1470 892 1525 ut
901 1463 1044 1543 sequenti
1053 1462 1153 1542 capite
1165 1460 1361 1526 aemonstra-

181 1576 292 1640 ieimus.
320 1574 365 1638 In
381 1573 548 1654 perspicuo
569 1580 690 1645 autem,
709 1581 747 1634 ut
765 1571 822 1635 iun
839 1572 941 1651 primo
956 1569 1110 1650 producta
1128 1578 1158 1632 et
1173 1569 1297 1644 radius,
1317 1580 1361 1634 est

180 1683 317 1766 quanm
335 1698 485 1756 monam,
503 1698 560 1762 per
577 1682 733 1744 actionem
751 1688 979 1752 transeuntem,
999 1696 1107 1760 nempe
1124 1696 1181 1760 per
1197 1678 1361 1743 illumina·

180 1795 307 1867 mneos,
333 1791 505 1873 productas
526 1791 610 1872 quod
626 1791 725 1854 uoluit
753 1791 930 1873 siqnificare
948 1787 1155 1870 Philoponus,
1173 1789 1308 1852 seeundo
1324 1788 1360 1852 de

179 1903 289 1967 anima
300 1918 410 1966 comm.
421 1899 476 1974 69,
488 1901 649 1982 inquiens,
663 1899 760 1964 lucem
771 1914 835 1962 esse
843 1900 1001 1981 perspicui
1015 1901 1226 1980 operationem
1242 1901 1361 1982 {mium

179 2011 220 2077 eo
237 2012 389 2095 effectivo,
408 2012 465 2075 noc
484 2017 528 2073 est
545 2027 567 2072 a
585 2027 711 2090 corpore
730 2010 846 2074 incido:
864 2009 949 2091 quaa
965 2009 1046 2073 idem
1060 2009 1164 2073 docuit
1179 2007 1360 2073 Aristoteles

180 2140 254 2187 cum
271 2122 367 2195 uiuit,
386 2120 486 2184 iucem
503 2137 567 2182 esse
581 2122 784 2201 praeentiam
801 2121 939 2201 eorporis
959 2118 1055 2182 lucidi
1072 2119 1107 2182 in
1129 2119 1302 2202 diapnano:
1324 2128 1360 2182 ut

181 2238 290 2294 autem
305 2229 441 2293 secunao
453 2228 622 2311 producta,
642 2238 796 2311 tanquam
812 2231 915 2310 imaqo
934 2230 1011 2292 lucis
1026 2230 1153 2310 pmmoe,
1176 2232 1240 2294 sios
1261 2231 1357 2302 rodii,

182 2349 214 2404 et
232 2339 300 2420 ejus
316 2339 443 2419 species,
461 2339 508 2402 ita
524 2338 641 2402 dicitur
657 2347 749 2402 aetus
768 2339 932 2420 diaphoni,
952 2347 988 2401 ut
1010 2338 1205 2420 diapieanum
1232 2347 1262 2402 et
1290 2340 1358 2420 ejus

181 2447 406 2531 quodammodo
427 2446 519 2511 eoior.
542 2444 725 2511 Secundum
744 2448 863 2511 nuttam
881 2451 981 2529 iqitur
995 2447 1073 2511 tucis
1091 2457 1149 2512 aut
1167 2449 1295 2513 luminis
1312 2452 1360 2512 si-

180 2561 425 2644 qniqicationm
447 2558 552 2621 iumen
575 2559 694 2639 ipsum,
714 2566 743 2621 et
767 2558 851 2639 quod
872 2555 929 2634 qiu
952 2555 1109 2621 aGroeeis
1126 2556 1256 2630 dicitur,
1270 2564 1361 2638 pote-

177 2671 222 2735 rit
239 2687 304 2735 esse
322 2667 517 2741 substantia·
533 2667 586 2730 sed
604 2665 715 2732 Solum
734 2668 886 2750 qualitas,
905 2669 1050 2750 quamvis
1067 2666 1208 2731 amnium
1232 2665 1360 2731 nabilis-

177 2783 259 2846 sima
276 2787 306 2843 et
319 2779 594 2861 prostantissima.

691 3065 768 3132 Cer.
796 3067 849 3130 lv.

217 3273 385 3357 cujusnam
401 3278 537 3358 aorporis
554 3278 622 3340 Lux
641 3277 706 3357 ipso
723 3278 761 3338 sit
777 3276 922 3355 qualitas,
939 3275 998 3350 vel,
1014 3274 1059 3338 De
1076 3292 1203 3356 oorpore
1218 3292 1273 3355 per
1288 3294 1320 3338 so

284 3376 287 3382 ’
715 3378 826 3441 lucido.

268 3661 389 3728 hemia
406 3682 445 3729 ea
460 3668 584 3747 proprie
607 3664 810 3747 appellamus,
841 3683 912 3747 qua
942 3668 977 3730 in
1000 3665 1134 3731 tenebris
1153 3666 1240 3732 nuiia
1257 3667 1359 3732 oiieno

177 3773 298 3837 munim
315 3773 478 3848 nemnem,
497 3776 551 3839 seri
574 3778 703 3857 propria
725 3778 895 3858 conspicua
924 3786 1013 3851 sunt,
1033 3785 1062 3839 et
1079 3795 1173 3842 suum
1203 3777 1307 3843 iumen
1325 3779 1361 3842 in

177 3883 245 3950 oiia
260 3883 440 3969 effundunt.
457 3886 562 3950 Muita
585 3886 661 3950 tatia
689 3887 828 3951 videmus
852 3886 975 3960 incida,
999 3903 1096 3968 eaque
1126 3887 1213 3970 ionqe
1238 3889 1362 3952 diversa

177 3997 264 4061 inter
280 4015 328 4072 se,
347 4006 449 4080 atque
468 3997 614 4062 distantis
644 4004 784 4060 natura:
803 3993 920 4069 Solem,
938 4003 1042 4069 astra,
1061 3997 1167 4077 iqnem
1196 3998 1280 4062 nunc
1301 4016 1362 4063 na-

179 4116 326 4183 stratem,
341 4109 459 4191 capita,
474 4123 544 4172 ossa
559 4115 587 4170 et
602 4123 783 4189 squammae
796 4107 947 4188 piscium,
962 4105 1032 4189 felis
1047 4106 1166 4182 ocutos,
1177 4115 1362 4190 putrescen-

178 4221 226 4283 tia
243 4219 391 4302 quoeeiam
407 4218 505 4300 liqna,
521 4221 613 4300 sepia
631 4224 859 4290 atramentum,
879 4216 1036 4281 sicinaeia
1053 4225 1193 4283 uentrem
1208 4221 1361 4304 infimum.

180 4328 394 4410 putrescentes
406 4330 537 4412 ¹aliquas
552 4347 675 4404 carnes,
696 4336 726 4393 et
738 4330 948 4411 putrescentis
970 4347 1062 4411 aqua
1081 4331 1290 4415 superficiem,
1308 4344 1362 4391 oe-

182 4437 241 4502 iuti
258 4440 465 4524 oieaqineam,
488 4459 544 4506 nec
563 4459 626 4505 non
643 4442 709 4506 aiia
723 4438 903 4520 hujusmodi
920 4440 1034 4516 mutto,
1053 4461 1124 4524 quae
1142 4444 1237 4507 etiam
1254 4441 1290 4503 in
1308 4436 1364 4502 ob-
