<?xml version="1.0" encoding="UTF-8"?>
<!DOCTYPE html PUBLIC "-//W3C//DTD XHTML 1.0 Transitional//EN"
    "http://www.w3.org/TR/xhtml1/DTD/xhtml1-transitional.dtd">
<html xmlns="http://www.w3.org/1999/xhtml" xml:lang="en" lang="en">
 <head>
  <title>
</title>
<meta http-equiv="Content-Type" content="text/html;charset=utf-8" />
  <meta name='ocr-system' content='tesseract 3.04.00' />
  <meta name='ocr-capabilities' content='ocr_page ocr_carea ocr_par ocr_line ocrx_word'/>
</head>
<body>
  <div class='ocr_page' id='page_1' title='image "./leoperedigalile10vivigoog_0360.png"; bbox 0 0 3096 5154; ppageno 0'>
   <div class='ocr_carea' id='block_1_1' title="bbox 498 329 1356 419">
    <p class='ocr_par' dir='ltr' id='par_1_1' title="bbox 498 329 1356 419">
     <span class='ocr_line' id='line_1_1' title="bbox 498 329 1356 419; baseline 0.005 -4"><span class='ocrx_word' id='word_1_1' title='bbox 498 369 537 415; x_wconf 76' lang='lat' dir='ltr'><strong><em>ns</em></strong></span> <span class='ocrx_word' id='word_1_2' title='bbox 561 329 766 416; x_wconf 66' lang='lat' dir='ltr'><strong><em>conscensis</em></strong></span> <span class='ocrx_word' id='word_1_3' title='bbox 789 367 819 413; x_wconf 81' lang='lat' dir='ltr'><strong><em>m</em></strong></span> <span class='ocrx_word' id='word_1_4' title='bbox 841 366 920 414; x_wconf 76' lang='lat' dir='ltr'><strong><em>onos</em></strong></span> <span class='ocrx_word' id='word_1_5' title='bbox 944 354 1035 413; x_wconf 69' lang='lat' dir='ltr'><strong><em>casa·</em></strong></span> <span class='ocrx_word' id='word_1_6' title='bbox 1290 350 1356 419; x_wconf 72' lang='grc'><strong><em>343</em></strong></span> 
     </span>
    </p>
   </div>
   <div class='ocr_carea' id='block_1_2' title="bbox 177 502 1366 2578">
    <p class='ocr_par' dir='ltr' id='par_1_2' title="bbox 177 502 1366 2578">
     <span class='ocr_line' id='line_1_2' title="bbox 178 502 1355 591; baseline 0.001 -20"><span class='ocrx_word' id='word_1_7' title='bbox 178 509 308 591; x_wconf 76' lang='lat' dir='ltr'><strong><em>receptio</em></strong></span> <span class='ocrx_word' id='word_1_8' title='bbox 325 505 436 571; x_wconf 89' lang='lat' dir='ltr'><strong><em>colaris</em></strong></span> <span class='ocrx_word' id='word_1_9' title='bbox 453 507 490 570; x_wconf 92' lang='lat' dir='ltr'><strong><em>in</em></strong></span> <span class='ocrx_word' id='word_1_10' title='bbox 504 503 614 569; x_wconf 79' lang='lat' dir='ltr'><strong><em>meslio.</em></strong></span> <span class='ocrx_word' id='word_1_11' title='bbox 628 502 780 580; x_wconf 55' lang='lat' dir='ltr'><strong><em>&amp;ummo</em></strong></span> <span class='ocrx_word' id='word_1_12' title='bbox 789 513 896 570; x_wconf 91' lang='lat' dir='ltr'><strong><em>autem</em></strong></span> <span class='ocrx_word' id='word_1_13' title='bbox 906 522 1012 569; x_wconf 90' lang='lat' dir='ltr'><strong><em>amnes</em></strong></span> <span class='ocrx_word' id='word_1_14' title='bbox 1022 503 1180 569; x_wconf 69' lang='lat' dir='ltr'><strong><em>sensibiles</em></strong></span> <span class='ocrx_word' id='word_1_15' title='bbox 1189 508 1355 588; x_wconf 80' lang='lat' dir='ltr'><strong><em>qualitates</em></strong></span> 
     </span>
     <span class='ocr_line' id='line_1_3' title="bbox 177 617 1356 701; baseline -0.005 -15"><span class='ocrx_word' id='word_1_16' title='bbox 177 625 223 686; x_wconf 91' lang='lat' dir='ltr'><strong><em>ita</em></strong></span> <span class='ocrx_word' id='word_1_17' title='bbox 240 619 438 701; x_wconf 84' lang='lat' dir='ltr'><strong><em>recipiantur</em></strong></span> <span class='ocrx_word' id='word_1_18' title='bbox 455 619 492 681; x_wconf 94' lang='lat' dir='ltr'><strong><em>in</em></strong></span> <span class='ocrx_word' id='word_1_19' title='bbox 509 634 619 690; x_wconf 85' lang='lat' dir='ltr'><strong><em>sensu,</em></strong></span> <span class='ocrx_word' id='word_1_20' title='bbox 637 624 742 680; x_wconf 75' lang='lat' dir='ltr'><strong><em>larun</em></strong></span> <span class='ocrx_word' id='word_1_21' title='bbox 760 635 825 681; x_wconf 92' lang='lat' dir='ltr'><strong><em>non</em></strong></span> <span class='ocrx_word' id='word_1_22' title='bbox 843 619 889 680; x_wconf 91' lang='lat' dir='ltr'><strong><em>ita</em></strong></span> <span class='ocrx_word' id='word_1_23' title='bbox 906 633 1011 681; x_wconf 87' lang='lat' dir='ltr'><strong><em>omnes</em></strong></span> <span class='ocrx_word' id='word_1_24' title='bbox 1028 617 1226 698; x_wconf 85' lang='lat' dir='ltr'><strong><em>recipiuntur</em></strong></span> <span class='ocrx_word' id='word_1_25' title='bbox 1239 618 1274 680; x_wconf 91' lang='lat' dir='ltr'><strong><em>in</em></strong></span> <span class='ocrx_word' id='word_1_26' title='bbox 1288 635 1356 680; x_wconf 90' lang='lat' dir='ltr'><strong><em>me-</em></strong></span> 
     </span>
     <span class='ocr_line' id='line_1_4' title="bbox 177 724 1358 810; baseline -0.002 -15"><span class='ocrx_word' id='word_1_27' title='bbox 177 733 242 805; x_wconf 73' lang='lat' dir='ltr'><strong><em>lio:</em></strong></span> <span class='ocrx_word' id='word_1_28' title='bbox 270 747 347 793; x_wconf 85' lang='lat' dir='ltr'><strong><em>nam</em></strong></span> <span class='ocrx_word' id='word_1_29' title='bbox 375 745 477 810; x_wconf 79' lang='lat' dir='ltr'><strong><em>neque</em></strong></span> <span class='ocrx_word' id='word_1_30' title='bbox 506 745 601 792; x_wconf 87' lang='lat' dir='ltr'><strong><em>sonus</em></strong></span> <span class='ocrx_word' id='word_1_31' title='bbox 617 728 769 809; x_wconf 73' lang='lat' dir='ltr'><strong><em>recipitur</em></strong></span> <span class='ocrx_word' id='word_1_32' title='bbox 785 729 822 791; x_wconf 94' lang='lat' dir='ltr'><strong><em>in</em></strong></span> <span class='ocrx_word' id='word_1_33' title='bbox 840 724 937 805; x_wconf 76' lang='grc' dir='ltr'>διηχεῐ</span> <span class='ocrx_word' id='word_1_34' title='bbox 953 745 1093 809; x_wconf 83' lang='lat' dir='ltr'><strong><em>corpore,</em></strong></span> <span class='ocrx_word' id='word_1_35' title='bbox 1113 728 1177 790; x_wconf 90' lang='lat' dir='ltr'><strong><em>nisi</em></strong></span> <span class='ocrx_word' id='word_1_36' title='bbox 1194 746 1267 791; x_wconf 91' lang='lat' dir='ltr'><strong><em>cum</em></strong></span> <span class='ocrx_word' id='word_1_37' title='bbox 1284 747 1358 810; x_wconf 88' lang='lat' dir='ltr'><strong><em>per-</em></strong></span> 
     </span>
     <span class='ocr_line' id='line_1_5' title="bbox 178 839 1359 922; baseline -0.002 -15"><span class='ocrx_word' id='word_1_38' title='bbox 178 859 268 908; x_wconf 89' lang='lat' dir='ltr'><strong><em>cusso</em></strong></span> <span class='ocrx_word' id='word_1_39' title='bbox 294 859 372 912; x_wconf 81' lang='lat' dir='ltr'><strong><em>ore,</em></strong></span> <span class='ocrx_word' id='word_1_40' title='bbox 403 856 504 920; x_wconf 78' lang='lat' dir='ltr'><strong><em>neque</em></strong></span> <span class='ocrx_word' id='word_1_41' title='bbox 526 840 633 902; x_wconf 89' lang='lat' dir='ltr'><strong><em>minus</em></strong></span> <span class='ocrx_word' id='word_1_42' title='bbox 651 839 739 912; x_wconf 81' lang='lat' dir='ltr'><strong><em>obas,</em></strong></span> <span class='ocrx_word' id='word_1_43' title='bbox 759 841 823 904; x_wconf 90' lang='lat' dir='ltr'><strong><em>nisi</em></strong></span> <span class='ocrx_word' id='word_1_44' title='bbox 841 858 913 903; x_wconf 88' lang='lat' dir='ltr'><strong><em>cum</em></strong></span> <span class='ocrx_word' id='word_1_45' title='bbox 926 841 1053 922; x_wconf 69' lang='lat' dir='ltr'><strong><em>fumoso</em></strong></span> <span class='ocrx_word' id='word_1_46' title='bbox 1069 841 1283 915; x_wconf 75' lang='lat' dir='ltr'><strong><em>exhalatione,</em></strong></span> <span class='ocrx_word' id='word_1_47' title='bbox 1302 860 1359 907; x_wconf 90' lang='lat' dir='ltr'><strong><em>nec</em></strong></span> 
     </span>
     <span class='ocr_line' id='line_1_6' title="bbox 178 948 1358 1034; baseline -0.002 -17"><span class='ocrx_word' id='word_1_48' title='bbox 178 951 343 1034; x_wconf 84' lang='lat' dir='ltr'><strong><em>tanpibiles</em></strong></span> <span class='ocrx_word' id='word_1_49' title='bbox 365 949 547 1032; x_wconf 79' lang='lat' dir='ltr'><strong><em>qualitates,</em></strong></span> <span class='ocrx_word' id='word_1_50' title='bbox 571 951 635 1013; x_wconf 87' lang='lat' dir='ltr'><strong><em>nisi</em></strong></span> <span class='ocrx_word' id='word_1_51' title='bbox 658 967 729 1012; x_wconf 88' lang='lat' dir='ltr'><strong><em>cum</em></strong></span> <span class='ocrx_word' id='word_1_52' title='bbox 749 964 897 1031; x_wconf 87' lang='lat' dir='ltr'><strong><em>corporea</em></strong></span> <span class='ocrx_word' id='word_1_53' title='bbox 914 949 1100 1016; x_wconf 88' lang='lat' dir='ltr'><strong><em>substantio.</em></strong></span> <span class='ocrx_word' id='word_1_54' title='bbox 1119 948 1226 1032; x_wconf 81' lang='lat' dir='ltr'><strong><em>Neque</em></strong></span> <span class='ocrx_word' id='word_1_55' title='bbox 1244 950 1358 1022; x_wconf 86' lang='lat' dir='ltr'><strong><em>obstat,</em></strong></span> 
     </span>
     <span class='ocr_line' id='line_1_7' title="bbox 179 1058 1358 1146; baseline -0.001 -19"><span class='ocrx_word' id='word_1_56' title='bbox 179 1063 262 1146; x_wconf 80' lang='lat' dir='ltr'><strong><em>puotl</em></strong></span> <span class='ocrx_word' id='word_1_57' title='bbox 272 1078 372 1143; x_wconf 90' lang='lat' dir='ltr'><strong><em>supra</em></strong></span> <span class='ocrx_word' id='word_1_58' title='bbox 385 1060 526 1123; x_wconf 76' lang='lat' dir='ltr'><strong><em>discimus</em></strong></span> <span class='ocrx_word' id='word_1_59' title='bbox 540 1058 577 1122; x_wconf 82' lang='lat' dir='ltr'><strong><em>ae</em></strong></span> <span class='ocrx_word' id='word_1_60' title='bbox 594 1076 679 1132; x_wconf 85' lang='lat' dir='ltr'><strong><em>uoce,</em></strong></span> <span class='ocrx_word' id='word_1_61' title='bbox 699 1078 770 1140; x_wconf 81' lang='lat' dir='ltr'><strong><em>qua</em></strong></span> <span class='ocrx_word' id='word_1_62' title='bbox 789 1068 853 1124; x_wconf 92' lang='lat' dir='ltr'><strong><em>tota</em></strong></span> <span class='ocrx_word' id='word_1_63' title='bbox 869 1059 909 1123; x_wconf 88' lang='lat' dir='ltr'><strong><em>ab</em></strong></span> <span class='ocrx_word' id='word_1_64' title='bbox 929 1079 994 1125; x_wconf 89' lang='lat' dir='ltr'><strong><em>uno</em></strong></span> <span class='ocrx_word' id='word_1_65' title='bbox 1009 1070 1039 1125; x_wconf 93' lang='lat' dir='ltr'><strong><em>et</em></strong></span> <span class='ocrx_word' id='word_1_66' title='bbox 1053 1069 1117 1125; x_wconf 91' lang='lat' dir='ltr'><strong><em>tota</em></strong></span> <span class='ocrx_word' id='word_1_67' title='bbox 1128 1061 1168 1124; x_wconf 94' lang='lat' dir='ltr'><strong><em>ab</em></strong></span> <span class='ocrx_word' id='word_1_68' title='bbox 1179 1063 1358 1126; x_wconf 80' lang='lat' dir='ltr'><strong><em>innumeris</em></strong></span> 
     </span>
     <span class='ocr_line' id='line_1_8' title="bbox 179 1167 1360 1254; baseline -0.001 -17"><span class='ocrx_word' id='word_1_69' title='bbox 179 1173 327 1245; x_wconf 69' lang='lat' dir='ltr'><strong><em>auditur:</em></strong></span> <span class='ocrx_word' id='word_1_70' title='bbox 345 1171 400 1234; x_wconf 84' lang='lat' dir='ltr'><strong><em>boc</em></strong></span> <span class='ocrx_word' id='word_1_71' title='bbox 415 1171 501 1233; x_wconf 90' lang='lat' dir='ltr'><strong><em>enim</em></strong></span> <span class='ocrx_word' id='word_1_72' title='bbox 518 1167 671 1233; x_wconf 88' lang='lat' dir='ltr'><strong><em>tribuitur</em></strong></span> <span class='ocrx_word' id='word_1_73' title='bbox 687 1171 809 1243; x_wconf 88' lang='lat' dir='ltr'><strong><em>sensui,</em></strong></span> <span class='ocrx_word' id='word_1_74' title='bbox 828 1172 886 1251; x_wconf 80' lang='lat' dir='ltr'><strong><em>qui</em></strong></span> <span class='ocrx_word' id='word_1_75' title='bbox 897 1171 1147 1236; x_wconf 74' lang='lat' dir='ltr'><strong><em>immaterialiter</em></strong></span> <span class='ocrx_word' id='word_1_76' title='bbox 1159 1172 1283 1254; x_wconf 83' lang='lat' dir='ltr'><strong><em>recipit,</em></strong></span> <span class='ocrx_word' id='word_1_77' title='bbox 1295 1190 1360 1236; x_wconf 91' lang='lat' dir='ltr'><strong><em>non</em></strong></span> 
     </span>
     <span class='ocr_line' id='line_1_9' title="bbox 180 1278 1361 1363; baseline -0.002 -16"><span class='ocrx_word' id='word_1_78' title='bbox 180 1291 288 1348; x_wconf 86' lang='lat' dir='ltr'><strong><em>autera</em></strong></span> <span class='ocrx_word' id='word_1_79' title='bbox 298 1280 450 1356; x_wconf 89' lang='lat' dir='ltr'><strong><em>sensibili,</em></strong></span> <span class='ocrx_word' id='word_1_80' title='bbox 470 1278 554 1362; x_wconf 79' lang='lat' dir='ltr'><strong><em>quob</em></strong></span> <span class='ocrx_word' id='word_1_81' title='bbox 571 1297 636 1343; x_wconf 92' lang='lat' dir='ltr'><strong><em>non</em></strong></span> <span class='ocrx_word' id='word_1_82' title='bbox 655 1280 720 1343; x_wconf 89' lang='lat' dir='ltr'><strong><em>nisi</em></strong></span> <span class='ocrx_word' id='word_1_83' title='bbox 735 1298 807 1342; x_wconf 91' lang='lat' dir='ltr'><strong><em>cum</em></strong></span> <span class='ocrx_word' id='word_1_84' title='bbox 821 1282 957 1346; x_wconf 87' lang='lat' dir='ltr'><strong><em>materia</em></strong></span> <span class='ocrx_word' id='word_1_85' title='bbox 976 1289 1036 1356; x_wconf 70' lang='lat' dir='ltr'><strong><em>est:</em></strong></span> <span class='ocrx_word' id='word_1_86' title='bbox 1052 1299 1090 1346; x_wconf 89' lang='lat' dir='ltr'><strong><em>ac</em></strong></span> <span class='ocrx_word' id='word_1_87' title='bbox 1105 1281 1237 1363; x_wconf 87' lang='lat' dir='ltr'><strong><em>prointle</em></strong></span> <span class='ocrx_word' id='word_1_88' title='bbox 1255 1299 1361 1354; x_wconf 86' lang='lat' dir='ltr'><strong><em>sonus,</em></strong></span> 
     </span>
     <span class='ocr_line' id='line_1_10' title="bbox 181 1391 1362 1473; baseline -0.005 -15"><span class='ocrx_word' id='word_1_89' title='bbox 181 1413 247 1459; x_wconf 85' lang='lat' dir='ltr'><strong><em>oon</em></strong></span> <span class='ocrx_word' id='word_1_90' title='bbox 261 1393 380 1465; x_wconf 89' lang='lat' dir='ltr'><strong><em>statim,</em></strong></span> <span class='ocrx_word' id='word_1_91' title='bbox 395 1391 448 1454; x_wconf 78' lang='lat' dir='ltr'><strong><em>secl</em></strong></span> <span class='ocrx_word' id='word_1_92' title='bbox 458 1391 494 1454; x_wconf 89' lang='lat' dir='ltr'><strong><em>in</em></strong></span> <span class='ocrx_word' id='word_1_93' title='bbox 504 1399 637 1472; x_wconf 85' lang='lat' dir='ltr'><strong><em>tenpore</em></strong></span> <span class='ocrx_word' id='word_1_94' title='bbox 654 1393 702 1473; x_wconf 75' lang='lat' dir='ltr'><strong><em>tlt,</em></strong></span> <span class='ocrx_word' id='word_1_95' title='bbox 722 1407 760 1453; x_wconf 88' lang='lat' dir='ltr'><strong><em>ac</em></strong></span> <span class='ocrx_word' id='word_1_96' title='bbox 777 1393 879 1472; x_wconf 83' lang='lat' dir='ltr'><strong><em>mopis</em></strong></span> <span class='ocrx_word' id='word_1_97' title='bbox 894 1391 1044 1456; x_wconf 83' lang='lat' dir='ltr'><strong><em>slistontes</em></strong></span> <span class='ocrx_word' id='word_1_98' title='bbox 1063 1391 1186 1457; x_wconf 82' lang='lat' dir='ltr'><strong><em>tardius</em></strong></span> <span class='ocrx_word' id='word_1_99' title='bbox 1200 1392 1362 1457; x_wconf 79' lang='lat' dir='ltr'><strong><em>audimus:</em></strong></span> 
     </span>
     <span class='ocr_line' id='line_1_11' title="bbox 181 1500 1363 1583; baseline 0 -15"><span class='ocrx_word' id='word_1_100' title='bbox 181 1502 264 1568; x_wconf 81' lang='lat' dir='ltr'><strong><em>Sola</em></strong></span> <span class='ocrx_word' id='word_1_101' title='bbox 291 1511 398 1567; x_wconf 86' lang='lat' dir='ltr'><strong><em>autem</em></strong></span> <span class='ocrx_word' id='word_1_102' title='bbox 415 1500 552 1566; x_wconf 79' lang='lat' dir='ltr'><strong><em>visibiles</em></strong></span> <span class='ocrx_word' id='word_1_103' title='bbox 571 1500 754 1583; x_wconf 80' lang='lat' dir='ltr'><strong><em>qualitates,</em></strong></span> <span class='ocrx_word' id='word_1_104' title='bbox 775 1510 811 1565; x_wconf 93' lang='lat' dir='ltr'><strong><em>ut</em></strong></span> <span class='ocrx_word' id='word_1_105' title='bbox 829 1502 934 1567; x_wconf 90' lang='lat' dir='ltr'><strong><em>lumen</em></strong></span> <span class='ocrx_word' id='word_1_106' title='bbox 952 1513 981 1567; x_wconf 92' lang='lat' dir='ltr'><strong><em>et</em></strong></span> <span class='ocrx_word' id='word_1_107' title='bbox 999 1504 1094 1577; x_wconf 90' lang='lat' dir='ltr'><strong><em>color,</em></strong></span> <span class='ocrx_word' id='word_1_108' title='bbox 1114 1506 1363 1570; x_wconf 80' lang='lat' dir='ltr'><strong><em>immaterialiter</em></strong></span> 
     </span>
     <span class='ocr_line' id='line_1_12' title="bbox 180 1611 1364 1696; baseline -0.002 -18"><span class='ocrx_word' id='word_1_109' title='bbox 180 1614 392 1695; x_wconf 85' lang='lat' dir='ltr'><strong><em>recipiuntur,</em></strong></span> <span class='ocrx_word' id='word_1_110' title='bbox 410 1619 440 1675; x_wconf 88' lang='lat' dir='ltr'><strong><em>et</em></strong></span> <span class='ocrx_word' id='word_1_111' title='bbox 458 1613 493 1675; x_wconf 96' lang='lat' dir='ltr'><strong><em>in</em></strong></span> <span class='ocrx_word' id='word_1_112' title='bbox 512 1628 608 1675; x_wconf 92' lang='lat' dir='ltr'><strong><em>sensu</em></strong></span> <span class='ocrx_word' id='word_1_113' title='bbox 626 1619 655 1674; x_wconf 93' lang='lat' dir='ltr'><strong><em>et</em></strong></span> <span class='ocrx_word' id='word_1_114' title='bbox 672 1613 708 1675; x_wconf 89' lang='lat' dir='ltr'><strong><em>in</em></strong></span> <span class='ocrx_word' id='word_1_115' title='bbox 726 1611 842 1686; x_wconf 71' lang='lat' dir='ltr'><strong><em>modim·</em></strong></span> <span class='ocrx_word' id='word_1_116' title='bbox 861 1612 966 1677; x_wconf 89' lang='lat' dir='ltr'><strong><em>lumen</em></strong></span> <span class='ocrx_word' id='word_1_117' title='bbox 983 1614 1109 1696; x_wconf 82' lang='lat' dir='ltr'><strong><em>quidem</em></strong></span> <span class='ocrx_word' id='word_1_118' title='bbox 1127 1614 1164 1679; x_wconf 94' lang='lat' dir='ltr'><strong><em>ob</em></strong></span> <span class='ocrx_word' id='word_1_119' title='bbox 1182 1616 1234 1679; x_wconf 93' lang='lat' dir='ltr'><strong><em>sui</em></strong></span> <span class='ocrx_word' id='word_1_120' title='bbox 1249 1614 1364 1680; x_wconf 87' lang='lat' dir='ltr'><strong><em>nobili·</em></strong></span> 
     </span>
     <span class='ocr_line' id='line_1_13' title="bbox 181 1719 1364 1803; baseline -0.002 -16"><span class='ocrx_word' id='word_1_121' title='bbox 181 1732 289 1796; x_wconf 90' lang='lat' dir='ltr'><strong><em>tatem,</em></strong></span> <span class='ocrx_word' id='word_1_122' title='bbox 308 1740 381 1786; x_wconf 90' lang='lat' dir='ltr'><strong><em>cum</em></strong></span> <span class='ocrx_word' id='word_1_123' title='bbox 398 1723 439 1787; x_wconf 90' lang='lat' dir='ltr'><strong><em>sit</em></strong></span> <span class='ocrx_word' id='word_1_124' title='bbox 458 1720 585 1786; x_wconf 72' lang='lat' dir='ltr'><strong><em>coelestis</em></strong></span> <span class='ocrx_word' id='word_1_125' title='bbox 603 1721 757 1802; x_wconf 74' lang='lat' dir='ltr'><strong><em>qualitas3</em></strong></span> <span class='ocrx_word' id='word_1_126' title='bbox 773 1721 857 1786; x_wconf 86' lang='lat' dir='ltr'><strong><em>color</em></strong></span> <span class='ocrx_word' id='word_1_127' title='bbox 873 1731 980 1788; x_wconf 92' lang='lat' dir='ltr'><strong><em>autem</em></strong></span> <span class='ocrx_word' id='word_1_128' title='bbox 997 1725 1121 1789; x_wconf 87' lang='lat' dir='ltr'><strong><em>ratione</em></strong></span> <span class='ocrx_word' id='word_1_129' title='bbox 1131 1723 1270 1803; x_wconf 73' lang='lat' dir='ltr'><strong><em>lerninis.</em></strong></span> <span class='ocrx_word' id='word_1_130' title='bbox 1285 1719 1364 1798; x_wconf 84' lang='lat' dir='ltr'><strong><em>Qua</em></strong></span> 
     </span>
     <span class='ocr_line' id='line_1_14' title="bbox 181 1832 1365 1907; baseline 0.007 -10"><span class='ocrx_word' id='word_1_131' title='bbox 181 1835 301 1899; x_wconf 80' lang='lat' dir='ltr'><strong><em>sicera</em></strong></span> <span class='ocrx_word' id='word_1_132' title='bbox 318 1841 408 1907; x_wconf 89' lang='lat' dir='ltr'><strong><em>sunt,</em></strong></span> <span class='ocrx_word' id='word_1_133' title='bbox 427 1841 464 1896; x_wconf 94' lang='lat' dir='ltr'><strong><em>ut</em></strong></span> <span class='ocrx_word' id='word_1_134' title='bbox 485 1833 569 1897; x_wconf 87' lang='lat' dir='ltr'><strong><em>ratio</em></strong></span> <span class='ocrx_word' id='word_1_135' title='bbox 594 1833 713 1896; x_wconf 74' lang='lat' dir='ltr'><strong><em>innixa</em></strong></span> <span class='ocrx_word' id='word_1_136' title='bbox 741 1832 884 1897; x_wconf 88' lang='lat' dir='ltr'><strong><em>sensibus</em></strong></span> <span class='ocrx_word' id='word_1_137' title='bbox 909 1842 1065 1899; x_wconf 88' lang='lat' dir='ltr'><strong><em>monstrat</em></strong></span> <span class='ocrx_word' id='word_1_138' title='bbox 1091 1851 1156 1899; x_wconf 85' lang='lat' dir='ltr'><strong><em>esso</em></strong></span> <span class='ocrx_word' id='word_1_139' title='bbox 1186 1836 1365 1905; x_wconf 67' lang='lat' dir='ltr'><strong><em>verisona,</em></strong></span> 
     </span>
     <span class='ocr_line' id='line_1_15' title="bbox 182 1941 1363 2027; baseline 0.002 -20"><span class='ocrx_word' id='word_1_140' title='bbox 182 1942 304 2007; x_wconf 79' lang='lat' dir='ltr'><strong><em>nulum</em></strong></span> <span class='ocrx_word' id='word_1_141' title='bbox 330 1941 506 2007; x_wconf 81' lang='lat' dir='ltr'><strong><em>absurbson</em></strong></span> <span class='ocrx_word' id='word_1_142' title='bbox 534 1943 609 2015; x_wconf 89' lang='lat' dir='ltr'><strong><em>erit,</em></strong></span> <span class='ocrx_word' id='word_1_143' title='bbox 639 1959 739 2005; x_wconf 89' lang='lat' dir='ltr'><strong><em>unam</em></strong></span> <span class='ocrx_word' id='word_1_144' title='bbox 760 1960 798 2006; x_wconf 89' lang='lat' dir='ltr'><strong><em>oc</em></strong></span> <span class='ocrx_word' id='word_1_145' title='bbox 818 1943 956 2008; x_wconf 70' lang='lat' dir='ltr'><strong><em>eandm</em></strong></span> <span class='ocrx_word' id='word_1_146' title='bbox 973 1945 1158 2027; x_wconf 78' lang='lat' dir='ltr'><strong><em>qualitatem</em></strong></span> <span class='ocrx_word' id='word_1_147' title='bbox 1174 1945 1363 2022; x_wconf 70' lang='lat' dir='ltr'><strong><em>sensibilem</em></strong></span> 
     </span>
     <span class='ocr_line' id='line_1_16' title="bbox 182 2050 1366 2137; baseline 0.004 -22"><span class='ocrx_word' id='word_1_148' title='bbox 182 2050 219 2116; x_wconf 92' lang='lat' dir='ltr'><strong><em>ob</em></strong></span> <span class='ocrx_word' id='word_1_149' title='bbox 235 2053 288 2115; x_wconf 89' lang='lat' dir='ltr'><strong><em>sul</em></strong></span> <span class='ocrx_word' id='word_1_150' title='bbox 301 2052 524 2134; x_wconf 80' lang='lat' dir='ltr'><strong><em>prostantium</em></strong></span> <span class='ocrx_word' id='word_1_151' title='bbox 541 2059 636 2134; x_wconf 81' lang='lat' dir='ltr'><strong><em>atque</em></strong></span> <span class='ocrx_word' id='word_1_152' title='bbox 655 2051 862 2128; x_wconf 71' lang='lat' dir='ltr'><strong><em>nobilitatem,</em></strong></span> <span class='ocrx_word' id='word_1_153' title='bbox 880 2071 944 2117; x_wconf 92' lang='lat' dir='ltr'><strong><em>esse</em></strong></span> <span class='ocrx_word' id='word_1_154' title='bbox 954 2054 1078 2137; x_wconf 88' lang='lat' dir='ltr'><strong><em>pariter</em></strong></span> <span class='ocrx_word' id='word_1_155' title='bbox 1092 2055 1208 2120; x_wconf 87' lang='lat' dir='ltr'><strong><em>realem</em></strong></span> <span class='ocrx_word' id='word_1_156' title='bbox 1219 2064 1248 2119; x_wconf 91' lang='lat' dir='ltr'><strong><em>et</em></strong></span> <span class='ocrx_word' id='word_1_157' title='bbox 1258 2058 1366 2120; x_wconf 88' lang='lat' dir='ltr'><strong><em>inten-</em></strong></span> 
     </span>
     <span class='ocr_line' id='line_1_17' title="bbox 183 2157 1366 2249; baseline 0.008 -27"><span class='ocrx_word' id='word_1_158' title='bbox 183 2157 345 2234; x_wconf 76' lang='lat' dir='ltr'><strong><em>tlbnalem3</em></strong></span> <span class='ocrx_word' id='word_1_159' title='bbox 373 2178 410 2224; x_wconf 85' lang='lat' dir='ltr'><strong><em>aa</em></strong></span> <span class='ocrx_word' id='word_1_160' title='bbox 441 2162 489 2224; x_wconf 90' lang='lat' dir='ltr'><strong><em>lta</em></strong></span> <span class='ocrx_word' id='word_1_161' title='bbox 518 2179 582 2225; x_wconf 91' lang='lat' dir='ltr'><strong><em>esse</em></strong></span> <span class='ocrx_word' id='word_1_162' title='bbox 610 2160 761 2226; x_wconf 81' lang='lat' dir='ltr'><strong><em>risibilem</em></strong></span> <span class='ocrx_word' id='word_1_163' title='bbox 783 2170 812 2225; x_wconf 93' lang='lat' dir='ltr'><strong><em>et</em></strong></span> <span class='ocrx_word' id='word_1_164' title='bbox 833 2164 988 2229; x_wconf 82' lang='lat' dir='ltr'><strong><em>rationem</em></strong></span> <span class='ocrx_word' id='word_1_165' title='bbox 1010 2165 1149 2239; x_wconf 73' lang='lat' dir='ltr'><strong><em>cillenii,</em></strong></span> <span class='ocrx_word' id='word_1_166' title='bbox 1167 2166 1252 2249; x_wconf 78' lang='lat' dir='ltr'><strong><em>quad</em></strong></span> <span class='ocrx_word' id='word_1_167' title='bbox 1268 2182 1366 2248; x_wconf 86' lang='lat' dir='ltr'><strong><em>supra</em></strong></span> 
     </span>
     <span class='ocr_line' id='line_1_18' title="bbox 185 2267 1366 2357; baseline 0.008 -26"><span class='ocrx_word' id='word_1_168' title='bbox 185 2267 347 2352; x_wconf 66' lang='lat' dir='ltr'><strong><em>definitum</em></strong></span> <span class='ocrx_word' id='word_1_169' title='bbox 362 2269 425 2351; x_wconf 78' lang='lat' dir='ltr'><strong><em>[uit</em></strong></span> <span class='ocrx_word' id='word_1_170' title='bbox 442 2269 479 2333; x_wconf 79' lang='lat' dir='ltr'><strong><em>ele</em></strong></span> <span class='ocrx_word' id='word_1_171' title='bbox 497 2269 624 2335; x_wconf 90' lang='lat' dir='ltr'><strong><em>lumine.</em></strong></span> <span class='ocrx_word' id='word_1_172' title='bbox 643 2268 748 2353; x_wconf 74' lang='lat' dir='ltr'><strong><em>Atque</em></strong></span> <span class='ocrx_word' id='word_1_173' title='bbox 763 2273 823 2347; x_wconf 91' lang='lat' dir='ltr'><strong><em>ita,</em></strong></span> <span class='ocrx_word' id='word_1_174' title='bbox 841 2275 920 2355; x_wconf 80' lang='lat' dir='ltr'><strong><em>quil</em></strong></span> <span class='ocrx_word' id='word_1_175' title='bbox 935 2275 1060 2349; x_wconf 76' lang='lat' dir='ltr'><strong><em>radius,</em></strong></span> <span class='ocrx_word' id='word_1_176' title='bbox 1080 2275 1158 2357; x_wconf 78' lang='lat' dir='ltr'><strong><em>quit</em></strong></span> <span class='ocrx_word' id='word_1_177' title='bbox 1176 2275 1294 2350; x_wconf 92' lang='lat' dir='ltr'><strong><em>lumen,</em></strong></span> <span class='ocrx_word' id='word_1_178' title='bbox 1311 2277 1366 2340; x_wconf 81' lang='lat' dir='ltr'><strong><em>ele-</em></strong></span> 
     </span>
     <span class='ocr_line' id='line_1_19' title="bbox 186 2381 1365 2468; baseline 0.002 -21"><span class='ocrx_word' id='word_1_179' title='bbox 186 2381 343 2447; x_wconf 85' lang='lat' dir='ltr'><strong><em>clnratum</em></strong></span> <span class='ocrx_word' id='word_1_180' title='bbox 359 2389 420 2455; x_wconf 92' lang='lat' dir='ltr'><strong><em>est,·</em></strong></span> <span class='ocrx_word' id='word_1_181' title='bbox 435 2397 476 2449; x_wconf 76' lang='lat' dir='ltr'><strong><em>eta</em></strong></span> <span class='ocrx_word' id='word_1_182' title='bbox 492 2381 607 2463; x_wconf 81' lang='lat' dir='ltr'><strong><em>qulbus</em></strong></span> <span class='ocrx_word' id='word_1_183' title='bbox 626 2381 920 2459; x_wconf 81' lang='lat' dir='ltr'><strong><em>demonstrabimus,</em></strong></span> <span class='ocrx_word' id='word_1_184' title='bbox 932 2402 1038 2449; x_wconf 89' lang='lat' dir='ltr'><strong><em>omnes</em></strong></span> <span class='ocrx_word' id='word_1_185' title='bbox 1049 2385 1257 2468; x_wconf 71' lang='lat' dir='ltr'><strong><em>difficultates,</em></strong></span> <span class='ocrx_word' id='word_1_186' title='bbox 1269 2394 1365 2468; x_wconf 84' lang='lat' dir='ltr'><strong><em>atque</em></strong></span> 
     </span>
     <span class='ocr_line' id='line_1_20' title="bbox 181 2485 1143 2578; baseline 0.006 -26"><span class='ocrx_word' id='word_1_187' title='bbox 181 2497 360 2573; x_wconf 83' lang='lat' dir='ltr'><strong><em>pupnantes</em></strong></span> <span class='ocrx_word' id='word_1_188' title='bbox 373 2485 549 2572; x_wconf 78' lang='lat' dir='ltr'><strong><em>opiniones,</em></strong></span> <span class='ocrx_word' id='word_1_189' title='bbox 567 2490 660 2574; x_wconf 70' lang='lat' dir='ltr'><strong><em>facile</em></strong></span> <span class='ocrx_word' id='word_1_190' title='bbox 678 2491 805 2557; x_wconf 81' lang='lat' dir='ltr'><strong><em>dissolui</em></strong></span> <span class='ocrx_word' id='word_1_191' title='bbox 823 2502 855 2558; x_wconf 89' lang='lat' dir='ltr'><strong><em>et·</em></strong></span> <span class='ocrx_word' id='word_1_192' title='bbox 866 2495 1028 2578; x_wconf 69' lang='lat' dir='ltr'><strong><em>contutari</em></strong></span> <span class='ocrx_word' id='word_1_193' title='bbox 1042 2512 1143 2578; x_wconf 93' lang='lat' dir='ltr'><strong><em>posse.</em></strong></span> 
     </span>
    </p>
   </div>
   <div class='ocr_carea' id='block_1_3' title="bbox 702 2806 851 2875">
    <p class='ocr_par' dir='ltr' id='par_1_3' title="bbox 702 2806 851 2875">
     <span class='ocr_line' id='line_1_21' title="bbox 702 2806 851 2875; baseline 0 -2"><span class='ocrx_word' id='word_1_194' title='bbox 702 2806 777 2875; x_wconf 77' lang='lat' dir='ltr'><strong><em>Cer.</em></strong></span> <span class='ocrx_word' id='word_1_195' title='bbox 796 2806 851 2873; x_wconf 87' lang='lat'>111.</span> 
     </span>
    </p>
   </div>
   <div class='ocr_carea' id='block_1_4' title="bbox 273 3022 1333 3222">
    <p class='ocr_par' dir='ltr' id='par_1_4' title="bbox 273 3022 1333 3222">
     <span class='ocr_line' id='line_1_22' title="bbox 273 3022 1333 3106; baseline 0.004 -21"><span class='ocrx_word' id='word_1_196' title='bbox 273 3024 304 3087; x_wconf 88' lang='lat' dir='ltr'><strong><em>Si</em></strong></span> <span class='ocrx_word' id='word_1_197' title='bbox 319 3022 390 3091; x_wconf 83' lang='lat' dir='ltr'><strong><em>Lux</em></strong></span> <span class='ocrx_word' id='word_1_198' title='bbox 403 3028 460 3089; x_wconf 77' lang='lat' dir='ltr'><strong><em>sut</em></strong></span> <span class='ocrx_word' id='word_1_199' title='bbox 476 3023 595 3091; x_wconf 84' lang='lat' dir='ltr'><strong><em>Lumen</em></strong></span> <span class='ocrx_word' id='word_1_200' title='bbox 610 3025 778 3090; x_wconf 74' lang='lat' dir='ltr'><strong><em>monente</em></strong></span> <span class='ocrx_word' id='word_1_201' title='bbox 793 3026 846 3101; x_wconf 87' lang='lat' dir='ltr'><strong><em>sit,</em></strong></span> <span class='ocrx_word' id='word_1_202' title='bbox 862 3027 911 3089; x_wconf 84' lang='lat' dir='ltr'><strong><em>vel</em></strong></span> <span class='ocrx_word' id='word_1_203' title='bbox 925 3026 1065 3091; x_wconf 77' lang='lat' dir='ltr'><strong><em>accidens</em></strong></span> <span class='ocrx_word' id='word_1_204' title='bbox 1081 3044 1278 3106; x_wconf 83' lang='lat' dir='ltr'><strong><em>corporeum,</em></strong></span> <span class='ocrx_word' id='word_1_205' title='bbox 1330 3060 1333 3066; x_wconf 60' lang='lat'>&lt;</span> 
     </span>
     <span class='ocr_line' id='line_1_23' title="bbox 323 3126 1231 3222; baseline 0 -35"><span class='ocrx_word' id='word_1_206' title='bbox 323 3127 372 3191; x_wconf 79' lang='lat' dir='ltr'><strong><em>rol</em></strong></span> <span class='ocrx_word' id='word_1_207' title='bbox 387 3126 601 3222; x_wconf 73' lang='lat' dir='ltr'><strong><em>incorporeum</em></strong></span> <span class='ocrx_word' id='word_1_208' title='bbox 614 3127 742 3206; x_wconf 72' lang='lat' dir='ltr'><strong><em>utquid,</em></strong></span> <span class='ocrx_word' id='word_1_209' title='bbox 758 3133 788 3193; x_wconf 86' lang='lat' dir='ltr'><strong><em>et</em></strong></span> <span class='ocrx_word' id='word_1_210' title='bbox 805 3127 836 3190; x_wconf 87' lang='lat' dir='ltr'><strong><em>in</em></strong></span> <span class='ocrx_word' id='word_1_211' title='bbox 852 3145 915 3207; x_wconf 87' lang='lat' dir='ltr'><strong><em>quo</em></strong></span> <span class='ocrx_word' id='word_1_212' title='bbox 930 3145 1040 3208; x_wconf 69' lang='lat' dir='ltr'><strong><em>geum</em></strong></span> <span class='ocrx_word' id='word_1_213' title='bbox 1054 3127 1231 3193; x_wconf 77' lang='lat' dir='ltr'><strong><em>collocetur.</em></strong></span> 
     </span>
    </p>
   </div>
   <div class='ocr_carea' id='block_1_5' title="bbox 162 3360 1372 4554">
    <p class='ocr_par' dir='ltr' id='par_1_5' title="bbox 162 3360 1372 4554">
     <span class='ocr_line' id='line_1_24' title="bbox 162 3360 1369 3463; baseline 0.002 -37"><span class='ocrx_word' id='word_1_214' title='bbox 162 3437 170 3463; x_wconf 37' lang='grc' dir='ltr'><em>ο</em></span> <span class='ocrx_word' id='word_1_215' title='bbox 276 3360 333 3428; x_wconf 79' lang='lat' dir='ltr'><strong><em>Ea</em></strong></span> <span class='ocrx_word' id='word_1_216' title='bbox 350 3363 399 3426; x_wconf 84' lang='lat' dir='ltr'><strong><em>ltis</em></strong></span> <span class='ocrx_word' id='word_1_217' title='bbox 415 3363 507 3447; x_wconf 76' lang='lat' dir='ltr'><strong><em>{aelle</em></strong></span> <span class='ocrx_word' id='word_1_218' title='bbox 526 3373 670 3430; x_wconf 80' lang='lat' dir='ltr'><strong><em>constare</em></strong></span> <span class='ocrx_word' id='word_1_219' title='bbox 682 3373 816 3448; x_wconf 82' lang='lat' dir='ltr'><strong><em>possum</em></strong></span> <span class='ocrx_word' id='word_1_220' title='bbox 833 3365 941 3429; x_wconf 86' lang='lat' dir='ltr'><strong><em>ornnia</em></strong></span> <span class='ocrx_word' id='word_1_221' title='bbox 958 3383 1009 3436; x_wconf 91' lang='lat' dir='ltr'><strong><em>ea,</em></strong></span> <span class='ocrx_word' id='word_1_222' title='bbox 1022 3383 1093 3448; x_wconf 80' lang='lat' dir='ltr'><strong><em>quo</em></strong></span> <span class='ocrx_word' id='word_1_223' title='bbox 1103 3365 1139 3430; x_wconf 80' lang='lat' dir='ltr'><strong><em>tle</em></strong></span> <span class='ocrx_word' id='word_1_224' title='bbox 1151 3365 1269 3430; x_wconf 74' lang='lat' dir='ltr'><strong><em>lemine</em></strong></span> <span class='ocrx_word' id='word_1_225' title='bbox 1281 3382 1369 3447; x_wconf 79' lang='lat' dir='ltr'><strong><em>pua-</em></strong></span> 
     </span>
     <span class='ocr_line' id='line_1_25' title="bbox 185 3473 1370 3565; baseline 0 -27"><span class='ocrx_word' id='word_1_226' title='bbox 185 3481 307 3565; x_wconf 82' lang='lat' dir='ltr'><strong><em>runtur</em></strong></span> <span class='ocrx_word' id='word_1_227' title='bbox 325 3483 355 3539; x_wconf 88' lang='lat' dir='ltr'><strong><em>et</em></strong></span> <span class='ocrx_word' id='word_1_228' title='bbox 369 3473 603 3556; x_wconf 83' lang='lat' dir='ltr'><strong><em>ambipuitotem</em></strong></span> <span class='ocrx_word' id='word_1_229' title='bbox 621 3475 751 3550; x_wconf 71' lang='lat' dir='ltr'><strong><em>labent:</em></strong></span> <span class='ocrx_word' id='word_1_230' title='bbox 772 3495 809 3540; x_wconf 87' lang='lat' dir='ltr'><strong><em>ae</em></strong></span> <span class='ocrx_word' id='word_1_231' title='bbox 824 3476 966 3559; x_wconf 89' lang='lat' dir='ltr'><strong><em>primum</em></strong></span> <span class='ocrx_word' id='word_1_232' title='bbox 975 3477 1004 3539; x_wconf 93' lang='lat' dir='ltr'><strong><em>si</em></strong></span> <span class='ocrx_word' id='word_1_233' title='bbox 1015 3475 1120 3542; x_wconf 78' lang='lat' dir='ltr'><strong><em>lunen</em></strong></span> <span class='ocrx_word' id='word_1_234' title='bbox 1131 3478 1172 3540; x_wconf 87' lang='lat' dir='ltr'><strong><em>sit</em></strong></span> <span class='ocrx_word' id='word_1_235' title='bbox 1179 3475 1370 3546; x_wconf 86' lang='lat' dir='ltr'><strong><em>substantia,</em></strong></span> 
     </span>
     <span class='ocr_line' id='line_1_26' title="bbox 185 3584 1371 3670; baseline -0.003 -20"><span class='ocrx_word' id='word_1_236' title='bbox 185 3584 235 3650; x_wconf 89' lang='lat' dir='ltr'><strong><em>orl</em></strong></span> <span class='ocrx_word' id='word_1_237' title='bbox 250 3585 407 3650; x_wconf 78' lang='lat' dir='ltr'><strong><em>accidens.</em></strong></span> <span class='ocrx_word' id='word_1_238' title='bbox 426 3584 506 3649; x_wconf 81' lang='lat' dir='ltr'><strong><em>Cum</em></strong></span> <span class='ocrx_word' id='word_1_239' title='bbox 524 3586 609 3650; x_wconf 87' lang='lat' dir='ltr'><strong><em>enirn</em></strong></span> <span class='ocrx_word' id='word_1_240' title='bbox 627 3586 684 3652; x_wconf 81' lang='lat' dir='ltr'><strong><em>luo</em></strong></span> <span class='ocrx_word' id='word_1_241' title='bbox 696 3595 725 3651; x_wconf 88' lang='lat' dir='ltr'><strong><em>et</em></strong></span> <span class='ocrx_word' id='word_1_242' title='bbox 736 3586 841 3651; x_wconf 78' lang='lat' dir='ltr'><strong><em>lunen</em></strong></span> <span class='ocrx_word' id='word_1_243' title='bbox 852 3603 949 3650; x_wconf 86' lang='lat' dir='ltr'><strong><em>sensu</em></strong></span> <span class='ocrx_word' id='word_1_244' title='bbox 954 3585 1169 3670; x_wconf 90' lang='lat' dir='ltr'><strong><em>perceptibilia</em></strong></span> <span class='ocrx_word' id='word_1_245' title='bbox 1179 3603 1241 3648; x_wconf 88' lang='lat' dir='ltr'><strong><em>suo</em></strong></span> <span class='ocrx_word' id='word_1_246' title='bbox 1251 3593 1371 3648; x_wconf 87' lang='lat' dir='ltr'><strong><em>notura</em></strong></span> 
     </span>
     <span class='ocr_line' id='line_1_27' title="bbox 185 3694 1370 3778; baseline -0.005 -17"><span class='ocrx_word' id='word_1_247' title='bbox 185 3698 264 3769; x_wconf 83' lang='lat' dir='ltr'><strong><em>sint,</em></strong></span> <span class='ocrx_word' id='word_1_248' title='bbox 294 3713 496 3778; x_wconf 75' lang='lat' dir='ltr'><strong><em>nequaquam</em></strong></span> <span class='ocrx_word' id='word_1_249' title='bbox 524 3714 588 3759; x_wconf 89' lang='lat' dir='ltr'><strong><em>esse</em></strong></span> <span class='ocrx_word' id='word_1_250' title='bbox 615 3706 749 3778; x_wconf 88' lang='lat' dir='ltr'><strong><em>possunt</em></strong></span> <span class='ocrx_word' id='word_1_251' title='bbox 776 3697 970 3772; x_wconf 86' lang='lat' dir='ltr'><strong><em>substantia,</em></strong></span> <span class='ocrx_word' id='word_1_252' title='bbox 986 3714 1059 3761; x_wconf 88' lang='lat' dir='ltr'><strong><em>eum</em></strong></span> <span class='ocrx_word' id='word_1_253' title='bbox 1075 3694 1256 3760; x_wconf 84' lang='lat' dir='ltr'><strong><em>substantia</em></strong></span> <span class='ocrx_word' id='word_1_254' title='bbox 1273 3709 1370 3756; x_wconf 88' lang='lat' dir='ltr'><strong><em>sensu</em></strong></span> 
     </span>
     <span class='ocr_line' id='line_1_28' title="bbox 185 3801 1372 3890; baseline -0.005 -19"><span class='ocrx_word' id='word_1_255' title='bbox 185 3806 316 3871; x_wconf 78' lang='lat' dir='ltr'><strong><em>minism</em></strong></span> <span class='ocrx_word' id='word_1_256' title='bbox 329 3807 540 3890; x_wconf 73' lang='lat' dir='ltr'><strong><em>percipiatur,</em></strong></span> <span class='ocrx_word' id='word_1_257' title='bbox 559 3809 625 3871; x_wconf 90' lang='lat' dir='ltr'><strong><em>nisi</em></strong></span> <span class='ocrx_word' id='word_1_258' title='bbox 641 3808 851 3873; x_wconf 82' lang='lat' dir='ltr'><strong><em>accidentium</em></strong></span> <span class='ocrx_word' id='word_1_259' title='bbox 868 3809 1007 3875; x_wconf 80' lang='lat' dir='ltr'><strong><em>ratione:</em></strong></span> <span class='ocrx_word' id='word_1_260' title='bbox 1025 3823 1159 3888; x_wconf 78' lang='lat' dir='ltr'><strong><em>cumque</em></strong></span> <span class='ocrx_word' id='word_1_261' title='bbox 1176 3805 1280 3869; x_wconf 85' lang='lat' dir='ltr'><strong><em>omnis</em></strong></span> <span class='ocrx_word' id='word_1_262' title='bbox 1293 3801 1372 3866; x_wconf 87' lang='lat' dir='ltr'><strong><em>sub-</em></strong></span> 
     </span>
     <span class='ocr_line' id='line_1_29' title="bbox 185 3913 1369 4001; baseline -0.004 -21"><span class='ocrx_word' id='word_1_263' title='bbox 185 3917 305 3981; x_wconf 77' lang='lat' dir='ltr'><strong><em>stantia</em></strong></span> <span class='ocrx_word' id='word_1_264' title='bbox 333 3918 376 3981; x_wconf 91' lang='lat' dir='ltr'><strong><em>sit</em></strong></span> <span class='ocrx_word' id='word_1_265' title='bbox 402 3917 536 4001; x_wconf 77' lang='lat' dir='ltr'><strong><em>simplex</em></strong></span> <span class='ocrx_word' id='word_1_266' title='bbox 565 3925 624 3981; x_wconf 90' lang='lat' dir='ltr'><strong><em>aut</em></strong></span> <span class='ocrx_word' id='word_1_267' title='bbox 652 3918 834 3999; x_wconf 86' lang='lat' dir='ltr'><strong><em>coraposito,</em></strong></span> <span class='ocrx_word' id='word_1_268' title='bbox 859 3925 1010 3981; x_wconf 88' lang='lat' dir='ltr'><strong><em>neutrum</em></strong></span> <span class='ocrx_word' id='word_1_269' title='bbox 1028 3916 1087 3980; x_wconf 83' lang='lat' dir='ltr'><strong><em>lua</em></strong></span> <span class='ocrx_word' id='word_1_270' title='bbox 1103 3921 1161 3978; x_wconf 88' lang='lat' dir='ltr'><strong><em>out</em></strong></span> <span class='ocrx_word' id='word_1_271' title='bbox 1179 3913 1287 3977; x_wconf 83' lang='lat' dir='ltr'><strong><em>lurnen</em></strong></span> <span class='ocrx_word' id='word_1_272' title='bbox 1304 3927 1369 3975; x_wconf 89' lang='lat' dir='ltr'><strong><em>esse</em></strong></span> 
     </span>
     <span class='ocr_line' id='line_1_30' title="bbox 183 4024 1370 4110; baseline -0.002 -21"><span class='ocrx_word' id='word_1_273' title='bbox 183 4033 292 4106; x_wconf 83' lang='lat' dir='ltr'><strong><em>potest.</em></strong></span> <span class='ocrx_word' id='word_1_274' title='bbox 310 4024 384 4091; x_wconf 84' lang='lat' dir='ltr'><strong><em>Non</em></strong></span> <span class='ocrx_word' id='word_1_275' title='bbox 397 4028 483 4091; x_wconf 92' lang='lat' dir='ltr'><strong><em>enim</em></strong></span> <span class='ocrx_word' id='word_1_276' title='bbox 499 4029 648 4110; x_wconf 79' lang='lat' dir='ltr'><strong><em>simplex,</em></strong></span> <span class='ocrx_word' id='word_1_277' title='bbox 665 4045 739 4090; x_wconf 86' lang='lat' dir='ltr'><strong><em>eum</em></strong></span> <span class='ocrx_word' id='word_1_278' title='bbox 757 4028 820 4091; x_wconf 86' lang='lat' dir='ltr'><strong><em>bac</em></strong></span> <span class='ocrx_word' id='word_1_279' title='bbox 839 4027 1001 4092; x_wconf 82' lang='lat' dir='ltr'><strong><em>lividatur</em></strong></span> <span class='ocrx_word' id='word_1_280' title='bbox 1018 4027 1054 4090; x_wconf 91' lang='lat' dir='ltr'><strong><em>in</em></strong></span> <span class='ocrx_word' id='word_1_281' title='bbox 1071 4027 1209 4108; x_wconf 70' lang='lat' dir='ltr'><strong><em>smmum</em></strong></span> <span class='ocrx_word' id='word_1_282' title='bbox 1224 4028 1255 4086; x_wconf 89' lang='lat' dir='ltr'><strong><em>et</em></strong></span> <span class='ocrx_word' id='word_1_283' title='bbox 1267 4030 1370 4088; x_wconf 90' lang='lat' dir='ltr'><strong><em>mate-</em></strong></span> 
     </span>
     <span class='ocr_line' id='line_1_31' title="bbox 187 4135 1372 4217; baseline -0.001 -17"><span class='ocrx_word' id='word_1_284' title='bbox 187 4136 579 4211; x_wconf 67' lang='lat' dir='ltr'><strong><em>riasnsmateriomautem</em></strong></span> <span class='ocrx_word' id='word_1_285' title='bbox 590 4138 696 4202; x_wconf 89' lang='lat' dir='ltr'><strong><em>lumen</em></strong></span> <span class='ocrx_word' id='word_1_286' title='bbox 707 4155 772 4202; x_wconf 82' lang='lat' dir='ltr'><strong><em>erse</em></strong></span> <span class='ocrx_word' id='word_1_287' title='bbox 784 4137 890 4203; x_wconf 91' lang='lat' dir='ltr'><strong><em>nullus</em></strong></span> <span class='ocrx_word' id='word_1_288' title='bbox 908 4136 1040 4210; x_wconf 79' lang='lat' dir='ltr'><strong><em>licerit,</em></strong></span> <span class='ocrx_word' id='word_1_289' title='bbox 1061 4153 1133 4201; x_wconf 88' lang='lat' dir='ltr'><strong><em>curn</em></strong></span> <span class='ocrx_word' id='word_1_290' title='bbox 1148 4135 1254 4217; x_wconf 88' lang='lat' dir='ltr'><strong><em>patius</em></strong></span> <span class='ocrx_word' id='word_1_291' title='bbox 1272 4136 1372 4200; x_wconf 86' lang='lat' dir='ltr'><strong><em>uicem</em></strong></span> 
     </span>
     <span class='ocr_line' id='line_1_32' title="bbox 187 4243 1371 4331; baseline -0.003 -21"><span class='ocrx_word' id='word_1_292' title='bbox 187 4247 341 4317; x_wconf 87' lang='lat' dir='ltr'><strong><em>sustineat</em></strong></span> <span class='ocrx_word' id='word_1_293' title='bbox 356 4256 460 4322; x_wconf 86' lang='lat' dir='ltr'><strong><em>actus,</em></strong></span> <span class='ocrx_word' id='word_1_294' title='bbox 478 4267 575 4331; x_wconf 79' lang='lat' dir='ltr'><strong><em>quam</em></strong></span> <span class='ocrx_word' id='word_1_295' title='bbox 588 4251 750 4331; x_wconf 84' lang='lat' dir='ltr'><strong><em>potentia,</em></strong></span> <span class='ocrx_word' id='word_1_296' title='bbox 766 4258 796 4314; x_wconf 91' lang='lat' dir='ltr'><strong><em>et</em></strong></span> <span class='ocrx_word' id='word_1_297' title='bbox 813 4249 941 4315; x_wconf 87' lang='lat' dir='ltr'><strong><em>omnino</em></strong></span> <span class='ocrx_word' id='word_1_298' title='bbox 955 4245 1094 4319; x_wconf 88' lang='lat' dir='ltr'><strong><em>babitus,</em></strong></span> <span class='ocrx_word' id='word_1_299' title='bbox 1115 4262 1212 4327; x_wconf 82' lang='lat' dir='ltr'><strong><em>quom</em></strong></span> <span class='ocrx_word' id='word_1_300' title='bbox 1229 4243 1371 4326; x_wconf 74' lang='lat' dir='ltr'><strong><em>rabiemi·</em></strong></span> 
     </span>
     <span class='ocr_line' id='line_1_33' title="bbox 189 4354 1371 4443; baseline -0.005 -26"><span class='ocrx_word' id='word_1_301' title='bbox 189 4373 246 4419; x_wconf 89' lang='lat' dir='ltr'><strong><em>nec</em></strong></span> <span class='ocrx_word' id='word_1_302' title='bbox 273 4360 378 4423; x_wconf 85' lang='lat' dir='ltr'><strong><em>minus</em></strong></span> <span class='ocrx_word' id='word_1_303' title='bbox 405 4360 554 4442; x_wconf 68' lang='lat' dir='ltr'><strong><em>immam,</em></strong></span> <span class='ocrx_word' id='word_1_304' title='bbox 579 4378 650 4424; x_wconf 90' lang='lat' dir='ltr'><strong><em>cum</em></strong></span> <span class='ocrx_word' id='word_1_305' title='bbox 668 4362 774 4443; x_wconf 72' lang='lat' dir='ltr'><strong><em>foram</em></strong></span> <span class='ocrx_word' id='word_1_306' title='bbox 791 4357 1011 4442; x_wconf 78' lang='lat' dir='ltr'><strong><em>inseparabilis</em></strong></span> <span class='ocrx_word' id='word_1_307' title='bbox 1029 4357 1071 4420; x_wconf 84' lang='lat' dir='ltr'><strong><em>sit</em></strong></span> <span class='ocrx_word' id='word_1_308' title='bbox 1088 4354 1128 4420; x_wconf 89' lang='lat' dir='ltr'><strong><em>ab</em></strong></span> <span class='ocrx_word' id='word_1_309' title='bbox 1147 4374 1198 4431; x_wconf 93' lang='lat' dir='ltr'><strong><em>eo,</em></strong></span> <span class='ocrx_word' id='word_1_310' title='bbox 1216 4355 1309 4435; x_wconf 79' lang='lat' dir='ltr'><strong><em>cujus</em></strong></span> <span class='ocrx_word' id='word_1_311' title='bbox 1327 4358 1371 4414; x_wconf 88' lang='lat' dir='ltr'><strong><em>ert</em></strong></span> 
     </span>
     <span class='ocr_line' id='line_1_34' title="bbox 186 4456 1369 4554; baseline -0.004 -22"><span class='ocrx_word' id='word_1_312' title='bbox 186 4468 306 4549; x_wconf 75' lang='lat' dir='ltr'><strong><em>[mmo.</em></strong></span> <span class='ocrx_word' id='word_1_313' title='bbox 324 4488 380 4534; x_wconf 88' lang='lat' dir='ltr'><strong><em>nee</em></strong></span> <span class='ocrx_word' id='word_1_314' title='bbox 399 4473 551 4554; x_wconf 88' lang='lat' dir='ltr'><strong><em>suscipiat</em></strong></span> <span class='ocrx_word' id='word_1_315' title='bbox 569 4472 671 4552; x_wconf 87' lang='lat' dir='ltr'><strong><em>mapis</em></strong></span> <span class='ocrx_word' id='word_1_316' title='bbox 691 4480 719 4535; x_wconf 91' lang='lat' dir='ltr'><strong><em>et</em></strong></span> <span class='ocrx_word' id='word_1_317' title='bbox 736 4472 858 4544; x_wconf 68' lang='lat' dir='ltr'><strong><em>minuet</em></strong></span> <span class='ocrx_word' id='word_1_318' title='bbox 877 4479 911 4536; x_wconf 90' lang='lat' dir='ltr'><strong><em>at</em></strong></span> <span class='ocrx_word' id='word_1_319' title='bbox 930 4470 1035 4533; x_wconf 90' lang='lat' dir='ltr'><strong><em>lumen</em></strong></span> <span class='ocrx_word' id='word_1_320' title='bbox 1054 4485 1075 4530; x_wconf 91' lang='lat' dir='ltr'><strong><em>a</em></strong></span> <span class='ocrx_word' id='word_1_321' title='bbox 1098 4467 1256 4548; x_wconf 77' lang='lat' dir='ltr'><strong><em>cloptona</em></strong></span> <span class='ocrx_word' id='word_1_322' title='bbox 1279 4469 1308 4524; x_wconf 89' lang='lat' dir='ltr'><strong><em>el</em></strong></span> <span class='ocrx_word' id='word_1_323' title='bbox 1329 4456 1369 4523; x_wconf 74' lang='lat' dir='ltr'><strong><em>il·.</em></strong></span> 
     </span>
    </p>
   </div>
   <div class='ocr_carea' id='block_1_6' title="bbox 0 0 1565 5154">
    <p class='ocr_par' dir='ltr' id='par_1_6' title="bbox 0 0 1565 5154">
     <span class='ocr_line' id='line_1_35' title="bbox 0 0 1565 5154; baseline 0 0"><span class='ocrx_word' id='word_1_324' title='bbox 0 0 1565 5154; x_wconf 95' lang='lat' dir='ltr'><strong><em> </em></strong></span> 
     </span>
    </p>
   </div>
  </div>
 </body>
</html>
