3096 5154
505 321 545 365 oc
570 318 775 366 bussacenis
799 319 827 365 sn
851 317 929 364 once
955 317 1040 362 sens
1300 298 1366 362 283

179 470 287 527 tanum
305 477 369 522 non
383 465 483 520 essent
499 457 627 536 [rostra
648 453 770 537 plurem
787 455 892 536 fureret
915 454 998 516 enine
1027 453 1069 514 ad
1098 454 1365 516 corneroationem

179 571 291 655 speciei
303 569 428 651 plures,
446 584 485 631 ne
505 573 570 633 toto
588 567 701 648 species
720 566 878 637 interiret,
897 582 970 628 eum
987 564 1129 644 sinpulos
1144 561 1279 626 blandos
1295 582 1366 628 cor-

177 676 339 763 ruptibiles
368 684 503 749 statuat,
534 674 631 740 neluti
647 683 824 738 ceterarum
841 673 1007 738 indiuidua
1025 673 1213 754 specierum:
1232 673 1366 737 secundo

178 790 266 856 iilam
282 793 510 855 commueret:
527 801 603 848 nom
620 784 698 866 quib
715 783 758 848 uel
775 783 1007 856 Democritum,
1022 783 1127 864 piures
1146 782 1284 874 Mandas
1304 800 1366 847 esse

177 901 318 981 frustra,
347 899 376 961 si
407 895 489 970 nibil
510 896 649 960 consulto
667 914 723 960 nec
739 901 867 977 propter
883 887 990 978 tinem
1009 893 1063 957 sea
1080 895 1190 958 omnia
1207 902 1320 958 temere
1339 901 1368 956 et

179 1009 311 1089 fortuito
328 1007 398 1092 fieri
416 1014 446 1070 et
463 1006 642 1071 unsereon
658 1005 792 1069 asserit?
813 1002 920 1081 Quare
939 1005 994 1069 lac
1014 1022 1079 1068 una
1102 1012 1229 1069 tantum
1253 1003 1369 1072 omo-

179 1119 313 1191 critum,
331 1125 360 1181 et
377 1118 430 1181 sui
447 1125 629 1190 sectatores,
648 1118 796 1198 impetam
810 1123 1014 1196 arpumcnto,
1031 1123 1063 1178 et
1080 1131 1115 1179 eo
1138 1115 1265 1196 quibem
1287 1115 1370 1180 oali·

179 1229 324 1303 distinam·
341 1245 404 1311 quo
421 1228 648 1308 etiammapno
666 1226 718 1291 illo
736 1224 922 1292 Alenanaro
931 1226 1035 1306 major
1047 1227 1192 1290 santam
1204 1225 1261 1291 Ille
1272 1230 1367 1300 enim,

181 1337 357 1403 Democriti
372 1337 516 1419 opinione
534 1346 564 1400 et
582 1336 774 1411 rationibus,
794 1355 859 1401 non
875 1337 966 1402 morlo
983 1355 1014 1403 se
1031 1354 1233 1417 persuasum,
1256 1356 1367 1405 oerum

179 1449 278 1512 etiarn
295 1448 412 1511 vicium
425 1446 579 1530 prodidit,-
592 1447 669 1510 dam
687 1448 857 1528 inpemuit,
875 1448 989 1512 audita
1007 1445 1178 1513 Democriti
1196 1451 1367 1522 sentontio,

179 1561 217 1625 in
234 1565 325 1623 tanto
342 1556 542 1625 Munelorenn
558 1576 691 1623 numero
709 1575 741 1622 se
759 1559 856 1623 unius
875 1567 1017 1631 tantam,
1037 1576 1137 1640 neque
1155 1558 1258 1625 adbuc
1282 1560 1368 1625 ‹leoi-

181 1669 237 1743 cti,
248 1669 483 1751 anqustissimis
496 1671 605 1749 spatiis
617 1671 788 1735 contineri:
805 1668 891 1748 quob
901 1667 1032 1748 perbelle
1052 1669 1122 1731 risit
1137 1665 1304 1750 Satpricns
1319 1671 1366 1731 bis

180 1778 394 1844 omninibus:

405 1970 485 2027 Unus
499 1970 600 2027 Pelleso
610 1971 710 2041 juveni
724 1985 780 2026 non
795 1971 896 2026 sufficit
912 1969 1007 2038 Orbis3

406 2063 530 2132 AEsluat,
545 2062 655 2133 infelix,
670 2069 788 2134 angusto
802 2064 900 2119 limine
914 2063 1026 2132 Mundi,

407 2153 445 2212 llt
456 2155 558 2227 (lynca
570 2155 679 2212 chucus
694 2156 825 2227 scopulis,
840 2169 980 2227 parvaque
994 2155 1119 2225 Seripho.

184 2350 230 2415 At
243 2368 300 2446 epu
311 2367 378 2414 uno
387 2357 510 2415 tantum
520 2352 576 2416 boc
586 2360 773 2432 arpamento
785 2353 855 2433 ejus
865 2354 1043 2434 opinionem
1054 2351 1178 2415 abunde
1191 2351 1244 2434 (ni
1254 2351 1367 2435 fabor)

184 2460 392 2542 redorpusm,
403 2467 432 2523 et
440 2460 609 2542 superabas
624 2461 707 2542 quob
720 2463 845 2542 quibem
865 2460 1048 2526 Alercandro
1067 2462 1196 2524 minime
1213 2463 1278 2542 [uit
1291 2479 1368 2540 poe-

181 2570 280 2645 sibile,
298 2571 357 2652 pm·
370 2587 429 2651 per
443 2587 599 2635 summam
617 2571 819 2635 ambitionem
836 2573 1049 2636 castissimum
1063 2570 1142 2634 illuct
1154 2569 1258 2633 Inane
1270 2587 1291 2632 a
1303 2568 1369 2632 De-

182 2681 313 2745 merito
336 2681 477 2761 positum
504 2683 552 2744 ita
581 2691 684 2746 mente
712 2692 908 2765 conceperat,
938 2693 975 2747 ut
1006 2692 1067 2748 toto
1083 2684 1156 2764 jam
1174 2683 1274 2764 cupite
1292 2690 1369 2746 esset

181 2790 299 2855 imnis.
316 2788 379 2855 Bet
396 2799 505 2855 cutem
522 2801 760 2872 armamentum,
780 2813 844 2875 aaa
866 2813 931 2858 non
953 2795 1041 2858 modo
1064 2797 1168 2858 utitem
1190 2791 1368 2858 Alexandri

177 2906 353 2981 preceptor
363 2897 541 2965 Aristotelis
552 2903 588 2965 in
598 2904 701 2982 primo
713 2903 837 2968 librode
858 2904 952 2977 coto,
969 2907 1183 2969 oeremsetiam
1194 2903 1368 2968 Aristotelis

182 3008 335 3088 mopietee
352 3007 446 3074 Plcto
459 3011 496 3074 in
514 3007 645 3085 Timon,
661 3030 785 3094 nempe:
804 3013 945 3079 blundus
957 3023 1079 3079 mactat
1091 3031 1133 3077 ea
1144 3021 1209 3077 tota
1219 3015 1368 3085 materias

181 3134 260 3197 erpo
275 3135 364 3181 unus
381 3125 504 3183 tontum
522 3130 581 3195 est,
601 3141 665 3186 non
679 3124 796 3204 plures.
818 3122 1016 3206 Consequens
1035 3132 1080 3186 est
1098 3124 1303 3204 manifestum
1324 3139 1366 3186 eu

181 3227 360 3293 conditione
378 3248 541 3312 corporum
558 3233 766 3307 sensibilieou,
786 3254 856 3317 qua
874 3252 995 3299 necesse
1010 3241 1057 3296 est
1075 3242 1215 3298 constent
1231 3251 1273 3301 ceo
1294 3251 1366 3297 ma-

179 3339 269 3403 teria
285 3345 315 3401 et
330 3340 447 3421 formo,
465 3342 550 3406 inter
567 3361 639 3424 qua
658 3363 790 3426 corporo
807 3343 950 3409 Mundus
968 3352 1029 3407 eet:
1048 3345 1232 3409 antecedens
1249 3343 1367 3425 proba-

180 3460 252 3524 terr,
269 3451 349 3533 perio
364 3454 464 3517 omnis
481 3450 706 3520 Mathematica
724 3455 893 3528 sensibilis,
912 3463 971 3518 ant
989 3463 1033 3517 est
1049 3472 1215 3537 corporum
1229 3472 1367 3536 pertera-

180 3558 294 3624 bilium
310 3568 340 3624 et
357 3562 620 3644 corruptibilium,
640 3574 698 3628 out
715 3568 945 3647 inponitorum5
962 3564 1173 3629 sedibundus
1188 3573 1311 3629 constat
1326 3582 1368 3626 ecc

181 3680 248 3737 tota
264 3676 398 3739 mancia
415 3693 581 3756 carporum
599 3679 827 3758 penerabib'um
843 3689 873 3742 et
891 3680 1122 3760 inpensarum.-
1136 3694 1209 3757 rrpa
1224 3674 1367 3742 Mundus

178 3791 304 3848 constat
332 3803 373 3849 ea
401 3793 465 3850 totu
487 3790 621 3852 ruateeia
639 3789 831 3871 simpliciter.
850 3790 1011 3855 Probatur
1028 3789 1134 3851 minor
1151 3786 1249 3866 bajus
1267 3801 1369 3863 orpu-

181 3895 279 3959 menti
296 3913 337 3960 em
356 3913 404 3970 eo,
422 3898 507 3978 quod
521 3900 656 3963 materia
667 3901 820 3964 sensibilis
837 3900 1063 3982 pencrabitium
1075 3907 1104 3960 et
1115 3895 1370 3977 corruptibilium

180 4011 228 4065 eti
243 4009 379 4071 materia
395 4009 632 4083 elenscntorum,·
648 4013 783 4074 materia
801 4022 907 4076 autem
922 4010 1136 4089 impunitarum
1147 4021 1314 4089 corporum
1325 4008 1371 4065 ert

180 4116 316 4180 mereto
331 4115 419 4193 Coeli,
435 4139 476 4184 erc
495 4121 608 4202 quibas
627 4125 783 4187 universis
803 4131 831 4185 et
852 4124 922 4186 totis
938 4120 1120 4202 corporibus
1133 4121 1370 4200 commentatus

180 4231 213 4284 et
228 4237 400 4292 exornatus
424 4239 469 4293 est
488 4231 646 4306 Maserius,
671 4254 707 4300 ae
724 4242 887 4316 propterea
912 4232 1100 4298 Universum
1118 4242 1146 4294 et
1165 4230 1305 4296 Cosmus
1327 4228 1371 4284 esi

178 4335 370 4414 appellatus:
384 4359 458 4423 erpo
477 4343 618 4409 Mundus
637 4365 720 4409 anus
741 4355 866 4409 tantum
885 4355 943 4418 est,
964 4354 993 4409 et
1012 4365 1077 4410 nou
1092 4345 1210 4426 plnres.
1234 4334 1329 4420 boot
1346 4329 1373 4389 δί’

178 4442 249 4508 alia
261 4455 480 4518 essetmateria
498 4455 665 4527 sensibilis,
682 4465 797 4536 prater
816 4459 897 4521 banc
917 4476 957 4522 ecc
974 4476 1040 4538 qna
1057 4459 1201 4522 constant
1222 4443 1373 4509 clementa
