3096 5154
506 339 545 382 oc
569 322 773 385 caesonius
797 341 825 386 es·
849 341 927 388 onos
951 342 1037 387 cene
1298 330 1362 397 bot

187 492 243 539 nec
259 471 386 553 aliquod
400 471 489 535 aliua
501 473 701 548 elementum,
718 496 817 558 neque
832 497 873 541 eu
888 478 1061 553 elementis:
1075 498 1145 542 cesset
1161 493 1188 544 et
1204 486 1360 555 elencenla.

184 595 214 647 et
231 602 301 665 qno
318 600 359 646 ex
378 582 536 646 clemenstis
554 594 714 658 constant,
734 588 951 668 corruptibilia
968 593 1041 654 sint.
1062 589 1142 656 Cum
1159 611 1232 657 sero
1250 614 1363 675 petetere-

180 695 277 777 plura
303 696 383 757 milii
411 703 579 776 suppetant
608 706 796 776 arpurnenta
826 716 866 761 coc
896 697 1061 764 Aristotele
1089 710 1118 764 et
1141 700 1362 775 Aristotelicis,

172 806 284 886 prino
300 805 337 867 cle
357 803 455 878 Calo,
479 805 673 886 deprompto,⁸
696 824 817 889 nempe,
842 811 918 888 quia
945 809 1061 872 Caluus
1079 813 1275 880 circulariter
1297 834 1364 880 nto-

184 924 290 988 cetur,
320 914 486 978 circularis
515 923 622 978 autem
639 924 741 979 motus
757 934 829 991 ¹non
858 916 948 980 babet
966 922 1176 994 contrarium,
1196 925 1272 1004 puio
1289 928 1367 989 sine-

179 1023 353 1104 plicissimo
370 1033 459 1088 motu
479 1034 635 1100 mouetur,
654 1035 684 1090 ct
701 1044 736 1091 co
753 1026 879 1108 quidem
901 1027 1021 1092 diverso
1038 1047 1059 1093 a
1077 1032 1211 1096 motibus
1234 1034 1367 1099 elemen-

185 1145 306 1209 torum:
324 1154 398 1216 erpo
416 1154 457 1200 ea
481 1136 605 1199 diversa
635 1145 680 1200 est
708 1136 748 1200 ab
776 1138 932 1216 elementis
962 1136 1156 1213 substantia,
1185 1151 1214 1205 et
1236 1143 1366 1208 alterins

182 1248 312 1310 omnino
329 1253 471 1319 notura:
485 1247 562 1327 quia
577 1263 633 1309 nec
648 1263 744 1327 praese
762 1248 803 1308 sit
818 1264 918 1326 neque
937 1247 1014 1319 lece,
1031 1255 1066 1310 ut
1081 1258 1183 1314 cetera
1200 1254 1367 1327 elemento:

184 1357 265 1437 quia
283 1355 399 1419 nullius
416 1356 600 1419 mutationis
614 1357 788 1437 particeps,
802 1364 919 1437 prater
937 1375 1033 1436 quam
1054 1357 1171 1432 localis,
1190 1379 1227 1426 ac
1242 1374 1366 1445 propte—

183 1474 241 1528 rea
258 1464 478 1538 inalterabilis,
497 1464 789 1545 inonpnsentabilis,
809 1465 1040 1539 irnrninuibilis,
1060 1478 1089 1530 et
1107 1488 1146 1533 eos
1165 1478 1367 1555 consequenti

181 1573 422 1656 inponerabilis,
441 1573 686 1656 incorruptibilis
716 1572 820 1659 (quod
841 1575 912 1638 inde
940 1584 1040 1657 patet,
1069 1579 1165 1659 quoa,
1186 1588 1228 1644 tot
1245 1584 1366 1649 coculis

177 1684 249 1764 jam
263 1683 403 1766 clapsis,
433 1684 523 1747 nulla
544 1701 696 1765 umquam
722 1683 796 1747 Coeli
814 1702 891 1766 pars
921 1685 1078 1768 olefecerit,
1109 1707 1209 1772 noque
1231 1693 1367 1759 adaucta

182 1793 313 1878 luerit),·
332 1797 410 1877 quia
438 1795 545 1859 diuino
563 1793 710 1866 Numini,
730 1796 813 1875 quod
831 1797 865 1859 in
887 1793 967 1860 Colo
990 1815 1094 1861 omnes
1114 1805 1272 1866 communi
1290 1822 1366 1869 con-

182 1921 278 1967 sensu
294 1913 635 1987 statuunt,.tansquam
652 1904 821 1969 immortali
840 1906 1013 1970 immortale
1027 1926 1139 1989 corpus
1155 1915 1295 1992 cooptari
1312 1915 1367 1977 ‹le-

183 2014 245 2088 bet,
264 2017 341 2096 quia
355 2016 465 2089 atbar,
486 2016 541 2079 boc
560 2023 620 2089 est,
637 2022 938 2096 perpetuo-molum,
955 2015 1150 2098 abantiquis
1168 2029 1214 2082 cst
1231 2021 1366 2102 appella-

183 2134 269 2189 tum:
286 2128 429 2208 qwnois
449 2123 611 2210 (inquam)
636 2126 699 2188 bac
722 2133 751 2188 et
773 2125 838 2188 alio
859 2106 938 2187 mibi
967 2133 1133 2207 suppetant
1161 2140 1365 2208 crpumenta,

185 2234 235 2299 oel
251 2236 493 2316 orpumentancli
516 2235 596 2308 baa,
620 2234 797 2317 exquibus
823 2234 1007 2316 prodictam
1036 2238 1226 2300 sententiam
1256 2240 1367 2304 rebar-

184 2362 283 2425 puere
300 2362 437 2426 possent:
464 2364 528 2410 uno
557 2353 682 2409 tontum
711 2354 785 2408 utar
807 2352 1008 2425 orpumento,
1027 2362 1090 2425 quo
1106 2345 1183 2410 coeo
1200 2352 1366 2432 manifeste

186 2455 260 2520 talis
277 2456 384 2537 opinio
400 2455 617 2537 reclarpuitur,
637 2464 673 2518 ut
692 2454 797 2519 nullus
816 2456 855 2518 sit
874 2454 1064 2518 aduersariis
1087 2457 1292 2537 respondendi
1309 2470 1366 2523 aut

183 2567 412 2647 terpioersaneii
440 2565 533 2632 boue.
558 2565 619 2630 Est
648 2574 753 2631 autern
781 2573 1004 2647 arpumcntum
1036 2570 1076 2628 ete
1099 2562 1263 2629 Aristotele
1283 2570 1367 2648 peti-

181 2684 263 2751 turn,
289 2675 377 2741 1111
392 2676 615 2759 Pbpsicorum,
635 2679 690 2741 boc
712 2685 817 2759 pacto:
834 2674 964 2740 Necesse
982 2682 1042 2748 eet,
1062 2674 1133 2738 clari
1150 2675 1279 2757 aliquali
1295 2694 1367 2740 cor-

177 2806 239 2870 pus
257 2787 472 2870 inponerabile
490 2768 787 2869 et‘incorrcpnotte3
801 2786 854 2849 secl
871 2784 927 2850 boc
946 2782 1069 2848 nullum
1085 2782 1175 2847 aliua
1188 2792 1366 2865 potestesse

181 2899 430 2974 conuenientius,
436 2916 533 2981 quone
541 2897 673 2961 Colum:
684 2915 756 2979 erpo
766 2895 937 2961 etoblinor
942 2896 1112 2977 propositio
1123 2901 1168 2956 est
1179 2894 1316 2966 euidens:
1326 2912 1367 2957 ea

183 3006 363 3088 corporibus
381 3010 467 3073 enirn
485 3008 682 3081 sensibilibus
701 3007 824 3072 nullum
842 3006 1048 3069 videturesse
1066 3001 1224 3072 mobilius,
1240 3019 1278 3066 ac
1295 3020 1368 3083 rna·

183 3116 233 3197 pie
243 3134 265 3180 a
275 3118 531 3200 comeptibilitatc
545 3127 816 3200 nonuunquam
830 3115 956 3184 Calurn
973 3129 1045 3173 cum
1059 3117 1163 3172 cetera
1177 3111 1286 3173 omnia
1295 3128 1368 3174 ena·

184 3226 298 3308 niseste
318 3237 506 3307 ponerentur
529 3237 559 3293 et
580 3237 842 3311 corrumpantur:
857 3238 969 3305 pecare,
988 3220 1016 3280 si
1035 3234 1156 3280 necesse
1174 3225 1219 3280 est
1239 3217 1368 3301 aliquod

183 3352 298 3418 corpus
317 3338 462 3402 naturale
480 3357 543 3403 esse
560 3340 769 3421 inponerabile
785 3344 813 3398 et
832 3326 1078 3410 incorruptibile,
1093 3344 1131 3392 oc
1148 3345 1272 3410 semper
1283 3329 1366 3393 ian

180 3464 332 3521 monens:
345 3449 523 3530 hujusmodi
537 3459 642 3514 autern
657 3450 778 3514 nultum
794 3448 878 3509 inter
895 3440 1003 3506 omnia
1017 3457 1149 3521 corpora
1163 3448 1264 3522 potest
1282 3440 1366 3511 lori,

181 3557 246 3620 nisi
258 3556 378 3620 Culum
388 3555 437 3642 (si
446 3560 529 3622 enim
539 3559 679 3633 clabitur,
690 3559 870 3638 assipnetur
880 3550 1039 3635 preoelnans
1049 3549 1147 3631 sitii:
1156 3568 1234 3630 erpo
1246 3549 1365 3611 salusa

180 3671 358 3733 necessario
370 3670 431 3733 erit
441 3670 650 3750 inpenerobilc
665 3679 694 3732 et
704 3664 949 3749 incorruptibile.
962 3660 1069 3743 Maior
1078 3668 1188 3723 aaa·
1196 3662 1369 3742 propesitio

179 3785 360 3858 assumpta,
372 3780 456 3860 quoti
473 3799 592 3845 necesse
604 3783 643 3843 sit
657 3781 727 3843 llari
738 3795 839 3842 unum
857 3774 984 3860 nliepeorl
1002 3773 1062 3836 tale
1079 3786 1212 3851 carpene,
1229 3771 1277 3832 ita
1290 3788 1369 3851 pea-

180 3885 292 3951 boture
309 3890 338 3951 si
353 3906 418 3953 non
435 3890 562 3956 elabitur
580 3895 634 3954 boc
654 3906 779 3969 corpus,
796 3890 902 3952 mesecin
918 3900 1051 3966 corpora
1064 3888 1163 3944 mne
1175 3878 1371 3959 pmoeabitia
1405 3918 1427 3951 0

179 4004 209 4059 et
226 3998 460 4080 corruptibiliac
478 4021 590 4084 pecare,
615 4010 644 4077 et
663 3998 854 4071 alterabilia3
872 3997 1033 4078 poneretis
1052 4008 1197 4074 namne
1214 3998 1246 4050 ol
1261 4008 1375 4053 weru-

175 4108 243 4187 ptio
259 4108 303 4171 acl
319 4109 536 4211 alterationens
566 4119 757 4194 sequuntur:
785 4110 812 4172 si
845 4125 918 4187 erpo
946 4102 1143 4173 obnobilia,
1169 4108 1232 4165 mel
1255 4098 1376 4164 abera-

180 4218 303 4284 buntur
319 4236 342 4283 a
359 4222 481 4304 seipsis,
500 4232 556 4286 aut
575 4223 615 4286 ab
638 4221 713 4296 clio,
733 4212 1106 4282 susocionnomine
1122 4230 1148 4275 a
1169 4210 1299 4291 conob:
1319 4212 1378 4273 leot·

181 4329 266 4391 enne
280 4340 324 4395 est
342 4333 545 4414 impossibile,·
563 4343 638 4398 tunc
657 4335 741 4397 enim
759 4331 839 4394 idern
856 4330 1029 4393 secunlum
1043 4325 1127 4391 m
1145 4328 1230 4385 estet
1246 4320 1282 4379 in
1298 4334 1381 4384 aas«

178 4445 209 4500 et
228 4441 264 4503 in
277 4446 418 4522 potentia
436 4453 465 4508 et
485 4444 621 4508 calidum
639 4452 667 4506 et
684 4443 855 4526 sripidurn:
873 4439 900 4502 si
917 4440 1001 4504 enias
1024 4438 1127 4520 ian&
1150 4430 1284 4513 qundo
1304 4452 1383 4493 cen-

261 4545 382 4606 fiscano
401 4551 557 4609 Gececsc-
569 4553 640 4608 'loen
660 4551 705 4609 ΙΙΙ.
1170 4540 1216 4591 1⁹·
