<?xml version="1.0" encoding="UTF-8"?>
<!DOCTYPE html PUBLIC "-//W3C//DTD XHTML 1.0 Transitional//EN"
    "http://www.w3.org/TR/xhtml1/DTD/xhtml1-transitional.dtd">
<html xmlns="http://www.w3.org/1999/xhtml" xml:lang="en" lang="en">
 <head>
  <title>
</title>
<meta http-equiv="Content-Type" content="text/html;charset=utf-8" />
  <meta name='ocr-system' content='tesseract 3.04.00' />
  <meta name='ocr-capabilities' content='ocr_page ocr_carea ocr_par ocr_line ocrx_word'/>
</head>
<body>
  <div class='ocr_page' id='page_1' title='image "./leoperedigalile10vivigoog_0285.png"; bbox 0 0 3096 5154; ppageno 0'>
   <div class='ocr_carea' id='block_1_1' title="bbox 506 331 1363 402">
    <p class='ocr_par' dir='ltr' id='par_1_1' title="bbox 506 331 1363 402">
     <span class='ocr_line' id='line_1_1' title="bbox 506 331 1363 402; baseline -0.006 -1"><span class='ocrx_word' id='word_1_1' title='bbox 506 355 545 401; x_wconf 76' lang='lat' dir='ltr'><strong><em>aa</em></strong></span> <span class='ocrx_word' id='word_1_2' title='bbox 569 350 775 402; x_wconf 70' lang='lat' dir='ltr'><strong><em>russonum</em></strong></span> <span class='ocrx_word' id='word_1_3' title='bbox 799 352 828 397; x_wconf 85' lang='lat' dir='ltr'><strong><em>m</em></strong></span> <span class='ocrx_word' id='word_1_4' title='bbox 852 351 932 398; x_wconf 80' lang='lat' dir='ltr'><strong><em>onus</em></strong></span> <span class='ocrx_word' id='word_1_5' title='bbox 955 349 1043 396; x_wconf 70' lang='lat' dir='ltr'><strong><em>oasa</em></strong></span> <span class='ocrx_word' id='word_1_6' title='bbox 1298 331 1363 397; x_wconf 71' lang='lat'><strong><em>267</em></strong></span> 
     </span>
    </p>
   </div>
   <div class='ocr_carea' id='block_1_2' title="bbox 111 487 1424 3768">
    <p class='ocr_par' dir='ltr' id='par_1_2' title="bbox 177 487 1424 1230">
     <span class='ocr_line' id='line_1_2' title="bbox 180 487 1364 573; baseline -0.01 -13"><span class='ocrx_word' id='word_1_7' title='bbox 180 501 264 560; x_wconf 81' lang='lat' dir='ltr'><strong><em>stum</em></strong></span> <span class='ocrx_word' id='word_1_8' title='bbox 274 494 345 566; x_wconf 84' lang='lat' dir='ltr'><strong><em>erit,</em></strong></span> <span class='ocrx_word' id='word_1_9' title='bbox 359 493 387 556; x_wconf 88' lang='lat' dir='ltr'><strong><em>si</em></strong></span> <span class='ocrx_word' id='word_1_10' title='bbox 393 493 497 573; x_wconf 91' lang='lat' dir='ltr'><strong><em>primo</em></strong></span> <span class='ocrx_word' id='word_1_11' title='bbox 507 507 732 572; x_wconf 74' lang='lat' dir='ltr'><strong><em>supponamus,</em></strong></span> <span class='ocrx_word' id='word_1_12' title='bbox 749 487 880 552; x_wconf 79' lang='lat' dir='ltr'><strong><em>Terram</em></strong></span> <span class='ocrx_word' id='word_1_13' title='bbox 891 504 955 550; x_wconf 85' lang='lat' dir='ltr'><strong><em>esse</em></strong></span> <span class='ocrx_word' id='word_1_14' title='bbox 966 487 1188 568; x_wconf 80' lang='lat' dir='ltr'><strong><em>pravissimum</em></strong></span> <span class='ocrx_word' id='word_1_15' title='bbox 1199 488 1364 548; x_wconf 80' lang='lat' dir='ltr'><strong><em>ebernento-</em></strong></span> 
     </span>
     <span class='ocr_line' id='line_1_3' title="bbox 178 595 1364 685; baseline -0.008 -17"><span class='ocrx_word' id='word_1_16' title='bbox 178 621 264 668; x_wconf 72' lang='lat' dir='ltr'><strong><em>comt·</em></strong></span> <span class='ocrx_word' id='word_1_17' title='bbox 272 601 356 685; x_wconf 74' lang='lat' dir='ltr'><strong><em>quad</em></strong></span> <span class='ocrx_word' id='word_1_18' title='bbox 364 603 393 665; x_wconf 86' lang='lat' dir='ltr'><strong><em>si</em></strong></span> <span class='ocrx_word' id='word_1_19' title='bbox 403 598 805 683; x_wconf 62' lang='lat' dir='ltr'><strong><em>nopoturmoufirmabimus</em></strong></span> <span class='ocrx_word' id='word_1_20' title='bbox 818 616 859 662; x_wconf 78' lang='lat' dir='ltr'><strong><em>ea</em></strong></span> <span class='ocrx_word' id='word_1_21' title='bbox 869 600 976 678; x_wconf 82' lang='lat' dir='ltr'><strong><em>procis</em></strong></span> <span class='ocrx_word' id='word_1_22' title='bbox 988 595 1268 681; x_wconf 73' lang='lat' dir='ltr'><strong><em>definitloueJllub</em></strong></span> <span class='ocrx_word' id='word_1_23' title='bbox 1280 598 1364 659; x_wconf 88' lang='lat' dir='ltr'><strong><em>enim</em></strong></span> 
     </span>
     <span class='ocr_line' id='line_1_4' title="bbox 177 707 1363 792; baseline -0.005 -15"><span class='ocrx_word' id='word_1_24' title='bbox 177 713 295 777; x_wconf 60' lang='lat' dir='ltr'><strong><em>dicitu</em></strong></span> <span class='ocrx_word' id='word_1_25' title='bbox 322 711 560 792; x_wconf 80' lang='lat' dir='ltr'><strong><em>pravissimum,</em></strong></span> <span class='ocrx_word' id='word_1_26' title='bbox 582 725 737 772; x_wconf 82' lang='lat' dir='ltr'><strong><em>consensu</em></strong></span> <span class='ocrx_word' id='word_1_27' title='bbox 765 709 907 772; x_wconf 90' lang='lat' dir='ltr'><strong><em>omnium</em></strong></span> <span class='ocrx_word' id='word_1_28' title='bbox 937 709 1112 781; x_wconf 84' lang='lat' dir='ltr'><strong><em>bominum,</em></strong></span> <span class='ocrx_word' id='word_1_29' title='bbox 1142 707 1227 788; x_wconf 81' lang='lat' dir='ltr'><strong><em>quob</em></strong></span> <span class='ocrx_word' id='word_1_30' title='bbox 1257 708 1363 771; x_wconf 87' lang='lat' dir='ltr'><strong><em>ceteris</em></strong></span> 
     </span>
     <span class='ocr_line' id='line_1_5' title="bbox 178 817 1362 899; baseline -0.006 -11"><span class='ocrx_word' id='word_1_31' title='bbox 178 820 324 888; x_wconf 83' lang='lat' dir='ltr'><strong><em>omnibus</em></strong></span> <span class='ocrx_word' id='word_1_32' title='bbox 351 819 491 883; x_wconf 82' lang='lat' dir='ltr'><strong><em>substat:</em></strong></span> <span class='ocrx_word' id='word_1_33' title='bbox 519 827 554 883; x_wconf 91' lang='lat' dir='ltr'><strong><em>at</em></strong></span> <span class='ocrx_word' id='word_1_34' title='bbox 587 817 687 883; x_wconf 87' lang='lat' dir='ltr'><strong><em>Terra</em></strong></span> <span class='ocrx_word' id='word_1_35' title='bbox 709 819 780 882; x_wconf 86' lang='lat' dir='ltr'><strong><em>talis</em></strong></span> <span class='ocrx_word' id='word_1_36' title='bbox 803 827 862 892; x_wconf 90' lang='lat' dir='ltr'><strong><em>est,</em></strong></span> <span class='ocrx_word' id='word_1_37' title='bbox 881 827 918 882; x_wconf 92' lang='lat' dir='ltr'><strong><em>ut</em></strong></span> <span class='ocrx_word' id='word_1_38' title='bbox 935 819 978 882; x_wconf 77' lang='lat' dir='ltr'><strong><em>acl</em></strong></span> <span class='ocrx_word' id='word_1_39' title='bbox 994 836 1124 882; x_wconf 89' lang='lat' dir='ltr'><strong><em>sensum</em></strong></span> <span class='ocrx_word' id='word_1_40' title='bbox 1138 827 1241 899; x_wconf 78' lang='lat' dir='ltr'><strong><em>patet,-</em></strong></span> <span class='ocrx_word' id='word_1_41' title='bbox 1263 817 1362 882; x_wconf 86' lang='lat' dir='ltr'><strong><em>Terra</em></strong></span> 
     </span>
     <span class='ocr_line' id='line_1_6' title="bbox 179 929 1365 1012; baseline -0.003 -15"><span class='ocrx_word' id='word_1_42' title='bbox 179 934 265 996; x_wconf 86' lang='lat' dir='ltr'><strong><em>enim</em></strong></span> <span class='ocrx_word' id='word_1_43' title='bbox 281 931 324 995; x_wconf 85' lang='lat' dir='ltr'><strong><em>ati</em></strong></span> <span class='ocrx_word' id='word_1_44' title='bbox 340 929 480 1012; x_wconf 71' lang='lat' dir='ltr'><strong><em>fundum</em></strong></span> <span class='ocrx_word' id='word_1_45' title='bbox 506 945 600 1010; x_wconf 72' lang='lat' dir='ltr'><strong><em>apuu</em></strong></span> <span class='ocrx_word' id='word_1_46' title='bbox 629 930 737 992; x_wconf 86' lang='lat' dir='ltr'><strong><em>statim</em></strong></span> <span class='ocrx_word' id='word_1_47' title='bbox 767 929 935 1001; x_wconf 79' lang='lat' dir='ltr'><strong><em>descendit,</em></strong></span> <span class='ocrx_word' id='word_1_48' title='bbox 965 946 1020 991; x_wconf 90' lang='lat' dir='ltr'><strong><em>uec</em></strong></span> <span class='ocrx_word' id='word_1_49' title='bbox 1050 939 1250 1010; x_wconf 65' lang='lat' dir='ltr'><strong><em>supernotat-</em></strong></span> <span class='ocrx_word' id='word_1_50' title='bbox 1279 947 1365 1011; x_wconf 86' lang='lat' dir='ltr'><strong><em>aqua</em></strong></span> 
     </span>
     <span class='ocr_line' id='line_1_7' title="bbox 180 1038 1424 1121; baseline 0.002 -20"><span class='ocrx_word' id='word_1_51' title='bbox 180 1049 287 1106; x_wconf 88' lang='lat' dir='ltr'><strong><em>autem</em></strong></span> <span class='ocrx_word' id='word_1_52' title='bbox 304 1039 427 1101; x_wconf 85' lang='lat' dir='ltr'><strong><em>substat</em></strong></span> <span class='ocrx_word' id='word_1_53' title='bbox 444 1038 525 1111; x_wconf 83' lang='lat' dir='ltr'><strong><em>aeri,</em></strong></span> <span class='ocrx_word' id='word_1_54' title='bbox 544 1045 581 1099; x_wconf 92' lang='lat' dir='ltr'><strong><em>ut</em></strong></span> <span class='ocrx_word' id='word_1_55' title='bbox 595 1046 682 1118; x_wconf 85' lang='lat' dir='ltr'><strong><em>putet</em></strong></span> <span class='ocrx_word' id='word_1_56' title='bbox 696 1040 732 1101; x_wconf 87' lang='lat' dir='ltr'><strong><em>iu</em></strong></span> <span class='ocrx_word' id='word_1_57' title='bbox 747 1038 873 1103; x_wconf 86' lang='lat' dir='ltr'><strong><em>utribus</em></strong></span> <span class='ocrx_word' id='word_1_58' title='bbox 885 1040 1018 1121; x_wconf 64' lang='lat' dir='ltr'><strong><em>inflatis,</em></strong></span> <span class='ocrx_word' id='word_1_59' title='bbox 1031 1040 1088 1119; x_wconf 81' lang='lat' dir='ltr'><strong><em>oui</em></strong></span> <span class='ocrx_word' id='word_1_60' title='bbox 1098 1056 1191 1120; x_wconf 82' lang='lat' dir='ltr'><strong><em>aqua</em></strong></span> <span class='ocrx_word' id='word_1_61' title='bbox 1203 1041 1366 1113; x_wconf 71' lang='lat' dir='ltr'><strong><em>innatant·</em></strong></span> <span class='ocrx_word' id='word_1_62' title='bbox 1419 1072 1424 1081; x_wconf 91' lang='lat'><strong>·</strong></span> 
     </span>
     <span class='ocr_line' id='line_1_8' title="bbox 179 1144 1392 1230; baseline -0.002 -14"><span class='ocrx_word' id='word_1_63' title='bbox 179 1168 237 1216; x_wconf 83' lang='lat' dir='ltr'><strong><em>atr</em></strong></span> <span class='ocrx_word' id='word_1_64' title='bbox 253 1167 328 1215; x_wconf 82' lang='lat' dir='ltr'><strong><em>otro</em></strong></span> <span class='ocrx_word' id='word_1_65' title='bbox 347 1149 430 1229; x_wconf 70' lang='lat' dir='ltr'><strong><em>lpm&#39;r</em></strong></span> <span class='ocrx_word' id='word_1_66' title='bbox 448 1166 521 1230; x_wconf 76' lang='lat' dir='ltr'><strong><em>erpo</em></strong></span> <span class='ocrx_word' id='word_1_67' title='bbox 543 1144 656 1221; x_wconf 81' lang='lat' dir='ltr'><strong><em>Tereo,</em></strong></span> <span class='ocrx_word' id='word_1_68' title='bbox 675 1166 747 1228; x_wconf 79' lang='lat' dir='ltr'><strong><em>quta</em></strong></span> <span class='ocrx_word' id='word_1_69' title='bbox 765 1150 814 1211; x_wconf 88' lang='lat' dir='ltr'><strong><em>bis</em></strong></span> <span class='ocrx_word' id='word_1_70' title='bbox 831 1149 976 1212; x_wconf 86' lang='lat' dir='ltr'><strong><em>omuibus</em></strong></span> <span class='ocrx_word' id='word_1_71' title='bbox 1007 1148 1143 1221; x_wconf 87' lang='lat' dir='ltr'><strong><em>substat,</em></strong></span> <span class='ocrx_word' id='word_1_72' title='bbox 1173 1152 1392 1229; x_wconf 81' lang='lat' dir='ltr'><strong><em>pravissima·</em></strong></span> 
     </span>
    </p>

    <p class='ocr_par' dir='ltr' id='par_1_3' title="bbox 111 1258 1369 3768">
     <span class='ocr_line' id='line_1_9' title="bbox 179 1258 1364 1343; baseline -0.003 -18"><span class='ocrx_word' id='word_1_73' title='bbox 179 1270 237 1326; x_wconf 84' lang='lat' dir='ltr'><strong><em>est.</em></strong></span> <span class='ocrx_word' id='word_1_74' title='bbox 255 1260 323 1325; x_wconf 83' lang='lat' dir='ltr'><strong><em>Hoc</em></strong></span> <span class='ocrx_word' id='word_1_75' title='bbox 341 1261 511 1342; x_wconf 83' lang='lat' dir='ltr'><strong><em>supposita,</em></strong></span> <span class='ocrx_word' id='word_1_76' title='bbox 529 1258 666 1322; x_wconf 85' lang='lat' dir='ltr'><strong><em>alterum</em></strong></span> <span class='ocrx_word' id='word_1_77' title='bbox 683 1267 898 1340; x_wconf 76' lang='lat' dir='ltr'><em>supponatur:</em></span> <span class='ocrx_word' id='word_1_78' title='bbox 916 1258 1082 1331; x_wconf 85' lang='lat' dir='ltr'><strong><em>clementa,</em></strong></span> <span class='ocrx_word' id='word_1_79' title='bbox 1099 1260 1146 1322; x_wconf 90' lang='lat' dir='ltr'><strong><em>ita</em></strong></span> <span class='ocrx_word' id='word_1_80' title='bbox 1164 1259 1313 1343; x_wconf 79' lang='lat' dir='ltr'><strong><em>disposita</em></strong></span> <span class='ocrx_word' id='word_1_81' title='bbox 1328 1269 1364 1324; x_wconf 92' lang='lat' dir='ltr'><strong><em>ut</em></strong></span> 
     </span>
     <span class='ocr_line' id='line_1_10' title="bbox 181 1368 1365 1452; baseline -0.001 -16"><span class='ocrx_word' id='word_1_82' title='bbox 181 1371 338 1445; x_wconf 83' lang='lat' dir='ltr'><strong><em>tlt&#39;tolmus,</em></strong></span> <span class='ocrx_word' id='word_1_83' title='bbox 367 1388 489 1452; x_wconf 84' lang='lat' dir='ltr'><strong><em>nempe,</em></strong></span> <span class='ocrx_word' id='word_1_84' title='bbox 521 1377 557 1433; x_wconf 91' lang='lat' dir='ltr'><strong><em>ut</em></strong></span> <span class='ocrx_word' id='word_1_85' title='bbox 590 1368 691 1434; x_wconf 89' lang='lat' dir='ltr'><strong><em>Terru</em></strong></span> <span class='ocrx_word' id='word_1_86' title='bbox 717 1387 811 1450; x_wconf 78' lang='lat' dir='ltr'><strong><em>aqua</em></strong></span> <span class='ocrx_word' id='word_1_87' title='bbox 829 1369 945 1442; x_wconf 86' lang='lat' dir='ltr'><strong><em>subsit,</em></strong></span> <span class='ocrx_word' id='word_1_88' title='bbox 964 1388 1051 1452; x_wconf 78' lang='lat' dir='ltr'><strong><em>apua</em></strong></span> <span class='ocrx_word' id='word_1_89' title='bbox 1069 1389 1142 1434; x_wconf 84' lang='lat' dir='ltr'><strong><em>uera</em></strong></span> <span class='ocrx_word' id='word_1_90' title='bbox 1160 1371 1242 1445; x_wconf 89' lang='lat' dir='ltr'><strong><em>aeri,</em></strong></span> <span class='ocrx_word' id='word_1_91' title='bbox 1262 1381 1291 1435; x_wconf 92' lang='lat' dir='ltr'><strong><em>et</em></strong></span> <span class='ocrx_word' id='word_1_92' title='bbox 1309 1390 1365 1436; x_wconf 90' lang='lat' dir='ltr'><strong><em>aer</em></strong></span> 
     </span>
     <span class='ocr_line' id='line_1_11' title="bbox 180 1480 1364 1563; baseline 0.001 -19"><span class='ocrx_word' id='word_1_93' title='bbox 180 1482 262 1562; x_wconf 75' lang='lat' dir='ltr'><strong><em>iqui,</em></strong></span> <span class='ocrx_word' id='word_1_94' title='bbox 280 1481 434 1561; x_wconf 84' lang='lat' dir='ltr'><strong><em>spberica</em></strong></span> <span class='ocrx_word' id='word_1_95' title='bbox 451 1483 556 1563; x_wconf 68' lang='lat' dir='ltr'><strong><em>tipum</em></strong></span> <span class='ocrx_word' id='word_1_96' title='bbox 580 1480 848 1561; x_wconf 61' lang='lat' dir='ltr'><strong><em>proditumque</em></strong></span> <span class='ocrx_word' id='word_1_97' title='bbox 872 1480 1138 1562; x_wconf 76' lang='lat' dir='ltr'><strong><em>circumfluentia,</em></strong></span> <span class='ocrx_word' id='word_1_98' title='bbox 1168 1498 1201 1544; x_wconf 86' lang='lat' dir='ltr'><strong><em>se</em></strong></span> <span class='ocrx_word' id='word_1_99' title='bbox 1229 1482 1364 1545; x_wconf 83' lang='lat' dir='ltr'><strong><em>inuicem</em></strong></span> 
     </span>
     <span class='ocr_line' id='line_1_12' title="bbox 180 1588 1364 1672; baseline 0.001 -20"><span class='ocrx_word' id='word_1_100' title='bbox 180 1588 352 1671; x_wconf 83' lang='lat' dir='ltr'><strong><em>complecti,</em></strong></span> <span class='ocrx_word' id='word_1_101' title='bbox 369 1607 408 1653; x_wconf 91' lang='lat' dir='ltr'><strong><em>ac</em></strong></span> <span class='ocrx_word' id='word_1_102' title='bbox 424 1590 474 1653; x_wconf 80' lang='lat' dir='ltr'><strong><em>ita</em></strong></span> <span class='ocrx_word' id='word_1_103' title='bbox 490 1588 709 1653; x_wconf 73' lang='lat' dir='ltr'><strong><em>elementarem</em></strong></span> <span class='ocrx_word' id='word_1_104' title='bbox 726 1591 887 1670; x_wconf 81' lang='lat' dir='ltr'><strong><em>cepionem</em></strong></span> <span class='ocrx_word' id='word_1_105' title='bbox 903 1592 1111 1653; x_wconf 87' lang='lat' dir='ltr'><strong><em>constituere:</em></strong></span> <span class='ocrx_word' id='word_1_106' title='bbox 1129 1591 1213 1672; x_wconf 81' lang='lat' dir='ltr'><strong><em>quoa</em></strong></span> <span class='ocrx_word' id='word_1_107' title='bbox 1228 1593 1256 1653; x_wconf 89' lang='lat' dir='ltr'><strong><em>si</em></strong></span> <span class='ocrx_word' id='word_1_108' title='bbox 1270 1609 1364 1671; x_wconf 81' lang='lat' dir='ltr'><strong><em>nepe-</em></strong></span> 
     </span>
     <span class='ocr_line' id='line_1_13' title="bbox 180 1697 1364 1782; baseline 0 -19"><span class='ocrx_word' id='word_1_109' title='bbox 180 1709 248 1775; x_wconf 93' lang='lat' dir='ltr'><strong><em>tur,</em></strong></span> <span class='ocrx_word' id='word_1_110' title='bbox 265 1716 362 1762; x_wconf 71' lang='lat' dir='ltr'><strong><em>unsu</em></strong></span> <span class='ocrx_word' id='word_1_111' title='bbox 371 1697 576 1780; x_wconf 68' lang='lat' dir='ltr'><strong><em>probabimus</em></strong></span> <span class='ocrx_word' id='word_1_112' title='bbox 594 1717 631 1762; x_wconf 92' lang='lat' dir='ltr'><strong><em>ac</em></strong></span> <span class='ocrx_word' id='word_1_113' title='bbox 642 1700 782 1771; x_wconf 66' lang='lat' dir='ltr'><strong><em>rationu·</em></strong></span> <span class='ocrx_word' id='word_1_114' title='bbox 793 1707 822 1761; x_wconf 93' lang='lat' dir='ltr'><strong><em>et</em></strong></span> <span class='ocrx_word' id='word_1_115' title='bbox 833 1700 978 1780; x_wconf 84' lang='lat' dir='ltr'><strong><em>puamois</em></strong></span> <span class='ocrx_word' id='word_1_116' title='bbox 989 1716 1086 1762; x_wconf 86' lang='lat' dir='ltr'><strong><em>sensu</em></strong></span> <span class='ocrx_word' id='word_1_117' title='bbox 1096 1701 1364 1782; x_wconf 86' lang='lat' dir='ltr'><strong><em>contrariumpa-</em></strong></span> 
     </span>
     <span class='ocr_line' id='line_1_14' title="bbox 180 1806 1362 1891; baseline -0.003 -17"><span class='ocrx_word' id='word_1_118' title='bbox 180 1817 243 1874; x_wconf 81' lang='lat' dir='ltr'><strong><em>tout</em></strong></span> <span class='ocrx_word' id='word_1_119' title='bbox 270 1808 306 1873; x_wconf 82' lang='lat' dir='ltr'><strong><em>tle</em></strong></span> <span class='ocrx_word' id='word_1_120' title='bbox 335 1826 424 1891; x_wconf 81' lang='lat' dir='ltr'><strong><em>aqua</em></strong></span> <span class='ocrx_word' id='word_1_121' title='bbox 452 1827 523 1891; x_wconf 79' lang='lat' dir='ltr'><strong><em>qua</em></strong></span> <span class='ocrx_word' id='word_1_122' title='bbox 541 1817 639 1873; x_wconf 90' lang='lat' dir='ltr'><strong><em>totam</em></strong></span> <span class='ocrx_word' id='word_1_123' title='bbox 659 1806 792 1872; x_wconf 82' lang='lat' dir='ltr'><strong><em>Terram</em></strong></span> <span class='ocrx_word' id='word_1_124' title='bbox 810 1827 875 1872; x_wconf 92' lang='lat' dir='ltr'><strong><em>nou</em></strong></span> <span class='ocrx_word' id='word_1_125' title='bbox 893 1808 991 1872; x_wconf 85' lang='lat' dir='ltr'><strong><em>ambit</em></strong></span> <span class='ocrx_word' id='word_1_126' title='bbox 1010 1825 1111 1891; x_wconf 79' lang='lat' dir='ltr'><strong><em>neque</em></strong></span> <span class='ocrx_word' id='word_1_127' title='bbox 1134 1808 1362 1890; x_wconf 74' lang='lat' dir='ltr'><strong><em>complectitur,</em></strong></span> 
     </span>
     <span class='ocr_line' id='line_1_15' title="bbox 111 1916 1363 2001; baseline -0.003 -17"><span class='ocrx_word' id='word_1_128' title='bbox 111 1924 117 1935; x_wconf 88' lang='lat'><strong><em>‘</em></strong></span> <span class='ocrx_word' id='word_1_129' title='bbox 180 1928 286 1984; x_wconf 85' lang='lat' dir='ltr'><strong><em>tamen</em></strong></span> <span class='ocrx_word' id='word_1_130' title='bbox 303 1920 338 1984; x_wconf 86' lang='lat' dir='ltr'><strong><em>itl</em></strong></span> <span class='ocrx_word' id='word_1_131' title='bbox 354 1937 421 1984; x_wconf 86' lang='lat' dir='ltr'><strong><em>uon</em></strong></span> <span class='ocrx_word' id='word_1_132' title='bbox 439 1919 554 1991; x_wconf 80' lang='lat' dir='ltr'><strong><em>obstat,</em></strong></span> <span class='ocrx_word' id='word_1_133' title='bbox 569 1919 690 2000; x_wconf 87' lang='lat' dir='ltr'><strong><em>primo,</em></strong></span> <span class='ocrx_word' id='word_1_134' title='bbox 709 1920 787 2000; x_wconf 83' lang='lat' dir='ltr'><strong><em>quio</em></strong></span> <span class='ocrx_word' id='word_1_135' title='bbox 804 1919 838 1981; x_wconf 83' lang='lat' dir='ltr'><strong><em>ta</em></strong></span> <span class='ocrx_word' id='word_1_136' title='bbox 858 1920 981 2001; x_wconf 72' lang='lat' dir='ltr'><strong><em>[actum</em></strong></span> <span class='ocrx_word' id='word_1_137' title='bbox 999 1927 1045 1982; x_wconf 89' lang='lat' dir='ltr'><strong><em>est</em></strong></span> <span class='ocrx_word' id='word_1_138' title='bbox 1062 1917 1220 2000; x_wconf 80' lang='lat' dir='ltr'><strong><em>simpulori</em></strong></span> <span class='ocrx_word' id='word_1_139' title='bbox 1239 1916 1363 2000; x_wconf 74' lang='lat' dir='ltr'><strong><em>Opifieis</em></strong></span> 
     </span>
     <span class='ocr_line' id='line_1_16' title="bbox 175 2029 1365 2112; baseline -0.003 -17"><span class='ocrx_word' id='word_1_140' title='bbox 175 2031 389 2112; x_wconf 72' lang='lat' dir='ltr'><strong><em>praudentia,</em></strong></span> <span class='ocrx_word' id='word_1_141' title='bbox 407 2039 443 2094; x_wconf 90' lang='lat' dir='ltr'><strong><em>ut</em></strong></span> <span class='ocrx_word' id='word_1_142' title='bbox 463 2031 629 2111; x_wconf 81' lang='lat' dir='ltr'><strong><em>terripenis</em></strong></span> <span class='ocrx_word' id='word_1_143' title='bbox 647 2029 864 2093; x_wconf 88' lang='lat' dir='ltr'><strong><em>animantibus</em></strong></span> <span class='ocrx_word' id='word_1_144' title='bbox 885 2030 983 2102; x_wconf 85' lang='lat' dir='ltr'><strong><em>locus,</em></strong></span> <span class='ocrx_word' id='word_1_145' title='bbox 1003 2031 1039 2093; x_wconf 89' lang='lat' dir='ltr'><strong><em>iu</em></strong></span> <span class='ocrx_word' id='word_1_146' title='bbox 1057 2048 1120 2110; x_wconf 81' lang='lat' dir='ltr'><strong><em>qua</em></strong></span> <span class='ocrx_word' id='word_1_147' title='bbox 1138 2030 1292 2101; x_wconf 79' lang='lat' dir='ltr'><strong><em>cicerem,</em></strong></span> <span class='ocrx_word' id='word_1_148' title='bbox 1311 2046 1365 2093; x_wconf 89' lang='lat' dir='ltr'><strong><em>re-</em></strong></span> 
     </span>
     <span class='ocr_line' id='line_1_17' title="bbox 180 2137 1365 2228; baseline -0.004 -23"><span class='ocrx_word' id='word_1_149' title='bbox 180 2141 378 2222; x_wconf 79' lang='lat' dir='ltr'><strong><em>linqttcretur</em></strong></span> <span class='ocrx_word' id='word_1_150' title='bbox 384 2137 567 2228; x_wconf 85' lang='lat' dir='ltr'><strong><em>(1).Deimle</em></strong></span> <span class='ocrx_word' id='word_1_151' title='bbox 580 2157 644 2204; x_wconf 86' lang='lat' dir='ltr'><strong><em>uon</em></strong></span> <span class='ocrx_word' id='word_1_152' title='bbox 656 2139 766 2212; x_wconf 87' lang='lat' dir='ltr'><strong><em>obstat,</em></strong></span> <span class='ocrx_word' id='word_1_153' title='bbox 772 2141 860 2221; x_wconf 79' lang='lat' dir='ltr'><strong><em>quia,</em></strong></span> <span class='ocrx_word' id='word_1_154' title='bbox 875 2141 933 2203; x_wconf 84' lang='lat' dir='ltr'><strong><em>etsi</em></strong></span> <span class='ocrx_word' id='word_1_155' title='bbox 944 2148 1041 2202; x_wconf 92' lang='lat' dir='ltr'><strong><em>totam</em></strong></span> <span class='ocrx_word' id='word_1_156' title='bbox 1049 2137 1181 2204; x_wconf 83' lang='lat' dir='ltr'><strong><em>Terram</em></strong></span> <span class='ocrx_word' id='word_1_157' title='bbox 1192 2157 1257 2204; x_wconf 88' lang='lat' dir='ltr'><strong><em>non</em></strong></span> <span class='ocrx_word' id='word_1_158' title='bbox 1267 2137 1365 2201; x_wconf 88' lang='lat' dir='ltr'><strong><em>ambit</em></strong></span> 
     </span>
     <span class='ocr_line' id='line_1_18' title="bbox 184 2250 1365 2332; baseline 0.001 -21"><span class='ocrx_word' id='word_1_159' title='bbox 184 2265 286 2330; x_wconf 80' lang='lat' dir='ltr'><strong><em>aqua,</em></strong></span> <span class='ocrx_word' id='word_1_160' title='bbox 304 2256 410 2313; x_wconf 85' lang='lat' dir='ltr'><strong><em>tamen</em></strong></span> <span class='ocrx_word' id='word_1_161' title='bbox 425 2250 690 2331; x_wconf 67' lang='lat' dir='ltr'><strong><em>maximumopus</em></strong></span> <span class='ocrx_word' id='word_1_162' title='bbox 716 2258 840 2330; x_wconf 85' lang='lat' dir='ltr'><strong><em>partem</em></strong></span> <span class='ocrx_word' id='word_1_163' title='bbox 868 2250 1094 2332; x_wconf 76' lang='lat' dir='ltr'><strong><em>complectitur,</em></strong></span> <span class='ocrx_word' id='word_1_164' title='bbox 1123 2251 1169 2314; x_wconf 88' lang='lat' dir='ltr'><strong><em>ita</em></strong></span> <span class='ocrx_word' id='word_1_165' title='bbox 1197 2258 1233 2313; x_wconf 89' lang='lat' dir='ltr'><strong><em>ut</em></strong></span> <span class='ocrx_word' id='word_1_166' title='bbox 1262 2267 1365 2313; x_wconf 89' lang='lat' dir='ltr'><strong><em>unum</em></strong></span> 
     </span>
     <span class='ocr_line' id='line_1_19' title="bbox 185 2359 1364 2443; baseline 0 -21"><span class='ocrx_word' id='word_1_167' title='bbox 185 2375 261 2422; x_wconf 85' lang='lat' dir='ltr'><strong><em>cum</em></strong></span> <span class='ocrx_word' id='word_1_168' title='bbox 278 2359 348 2439; x_wconf 72' lang='lat' dir='ltr'><strong><em>citet</em></strong></span> <span class='ocrx_word' id='word_1_169' title='bbox 365 2359 488 2442; x_wconf 77' lang='lat' dir='ltr'><strong><em>reliqua</em></strong></span> <span class='ocrx_word' id='word_1_170' title='bbox 503 2361 664 2443; x_wconf 72' lang='lat' dir='ltr'><strong><em>superficie</em></strong></span> <span class='ocrx_word' id='word_1_171' title='bbox 682 2359 807 2441; x_wconf 80' lang='lat' dir='ltr'><strong><em>plebum</em></strong></span> <span class='ocrx_word' id='word_1_172' title='bbox 825 2361 952 2441; x_wconf 74' lang='lat' dir='ltr'><strong><em>efficiat:</em></strong></span> <span class='ocrx_word' id='word_1_173' title='bbox 970 2361 1112 2442; x_wconf 77' lang='lat' dir='ltr'><strong><em>quinimo</em></strong></span> <span class='ocrx_word' id='word_1_174' title='bbox 1128 2360 1205 2423; x_wconf 82' lang='lat' dir='ltr'><strong><em>odeo</em></strong></span> <span class='ocrx_word' id='word_1_175' title='bbox 1219 2359 1364 2423; x_wconf 88' lang='lat' dir='ltr'><strong><em>naturale</em></strong></span> 
     </span>
     <span class='ocr_line' id='line_1_20' title="bbox 181 2465 1365 2550; baseline -0.003 -18"><span class='ocrx_word' id='word_1_176' title='bbox 181 2477 278 2550; x_wconf 78' lang='lat' dir='ltr'><strong><em>atquc</em></strong></span> <span class='ocrx_word' id='word_1_177' title='bbox 307 2470 504 2550; x_wconf 82' lang='lat' dir='ltr'><strong><em>conpertitum</em></strong></span> <span class='ocrx_word' id='word_1_178' title='bbox 528 2477 573 2532; x_wconf 86' lang='lat' dir='ltr'><strong><em>est</em></strong></span> <span class='ocrx_word' id='word_1_179' title='bbox 603 2487 695 2550; x_wconf 83' lang='lat' dir='ltr'><strong><em>aqua</em></strong></span> <span class='ocrx_word' id='word_1_180' title='bbox 729 2469 861 2534; x_wconf 89' lang='lat' dir='ltr'><strong><em>Terram</em></strong></span> <span class='ocrx_word' id='word_1_181' title='bbox 888 2465 1009 2533; x_wconf 88' lang='lat' dir='ltr'><strong><em>ambire</em></strong></span> <span class='ocrx_word' id='word_1_182' title='bbox 1033 2477 1062 2532; x_wconf 90' lang='grc' dir='ltr'><strong><em>ιι</em></strong></span> <span class='ocrx_word' id='word_1_183' title='bbox 1085 2469 1309 2548; x_wconf 85' lang='lat' dir='ltr'><strong><em>circumplecti,</em></strong></span> <span class='ocrx_word' id='word_1_184' title='bbox 1329 2477 1365 2530; x_wconf 88' lang='lat' dir='ltr'><strong><em>ut</em></strong></span> 
     </span>
     <span class='ocr_line' id='line_1_21' title="bbox 176 2576 1364 2661; baseline -0.003 -19"><span class='ocrx_word' id='word_1_185' title='bbox 176 2579 469 2660; x_wconf 77' lang='lat' dir='ltr'><strong><em>ptmcipucsmnmi</em></strong></span> <span class='ocrx_word' id='word_1_186' title='bbox 495 2580 623 2643; x_wconf 85' lang='lat' dir='ltr'><strong><em>rectoris</em></strong></span> <span class='ocrx_word' id='word_1_187' title='bbox 637 2579 843 2661; x_wconf 81' lang='lat' dir='ltr'><strong><em>prouidentia</em></strong></span> <span class='ocrx_word' id='word_1_188' title='bbox 862 2578 1037 2651; x_wconf 85' lang='lat' dir='ltr'><strong><em>tribuatur,</em></strong></span> <span class='ocrx_word' id='word_1_189' title='bbox 1061 2577 1144 2660; x_wconf 82' lang='lat' dir='ltr'><strong><em>quael</em></strong></span> <span class='ocrx_word' id='word_1_190' title='bbox 1160 2576 1228 2657; x_wconf 80' lang='lat' dir='ltr'><strong><em>ejus</em></strong></span> <span class='ocrx_word' id='word_1_191' title='bbox 1247 2585 1364 2648; x_wconf 89' lang='lat' dir='ltr'><strong><em>tumor,</em></strong></span> 
     </span>
     <span class='ocr_line' id='line_1_22' title="bbox 180 2687 1366 2772; baseline -0.004 -18"><span class='ocrx_word' id='word_1_192' title='bbox 180 2697 354 2754; x_wconf 84' lang='lat' dir='ltr'><strong><em>ceterorum</em></strong></span> <span class='ocrx_word' id='word_1_193' title='bbox 369 2691 564 2772; x_wconf 73' lang='lat' dir='ltr'><strong><em>superficiem</em></strong></span> <span class='ocrx_word' id='word_1_194' title='bbox 582 2689 669 2771; x_wconf 78' lang='lat' dir='ltr'><strong><em>loupe</em></strong></span> <span class='ocrx_word' id='word_1_195' title='bbox 691 2707 860 2772; x_wconf 87' lang='lat' dir='ltr'><strong><em>superans,</em></strong></span> <span class='ocrx_word' id='word_1_196' title='bbox 882 2691 1038 2770; x_wconf 79' lang='lat' dir='ltr'><strong><em>reliquam</em></strong></span> <span class='ocrx_word' id='word_1_197' title='bbox 1060 2687 1193 2753; x_wconf 90' lang='lat' dir='ltr'><strong><em>Terram</em></strong></span> <span class='ocrx_word' id='word_1_198' title='bbox 1211 2704 1276 2750; x_wconf 90' lang='lat' dir='ltr'><strong><em>non</em></strong></span> <span class='ocrx_word' id='word_1_199' title='bbox 1294 2703 1366 2767; x_wconf 91' lang='lat' dir='ltr'><strong><em>ope-</em></strong></span> 
     </span>
     <span class='ocr_line' id='line_1_23' title="bbox 179 2797 1366 2883; baseline -0.006 -16"><span class='ocrx_word' id='word_1_200' title='bbox 179 2803 259 2877; x_wconf 72' lang='lat' dir='ltr'><strong><em>riatr</em></strong></span> <span class='ocrx_word' id='word_1_201' title='bbox 276 2803 361 2883; x_wconf 81' lang='lat' dir='ltr'><strong><em>quoti</em></strong></span> <span class='ocrx_word' id='word_1_202' title='bbox 376 2801 491 2882; x_wconf 77' lang='lat' dir='ltr'><strong><em>sapius</em></strong></span> <span class='ocrx_word' id='word_1_203' title='bbox 508 2802 702 2881; x_wconf 81' lang='lat' dir='ltr'><strong><em>continpcre,</em></strong></span> <span class='ocrx_word' id='word_1_204' title='bbox 732 2819 770 2865; x_wconf 91' lang='lat' dir='ltr'><strong><em>ac</em></strong></span> <span class='ocrx_word' id='word_1_205' title='bbox 801 2802 963 2882; x_wconf 79' lang='lat' dir='ltr'><strong><em>coutipisse</em></strong></span> <span class='ocrx_word' id='word_1_206' title='bbox 995 2800 1125 2883; x_wconf 78' lang='lat' dir='ltr'><strong><em>lepimus</em></strong></span> <span class='ocrx_word' id='word_1_207' title='bbox 1153 2801 1189 2864; x_wconf 92' lang='lat' dir='ltr'><strong><em>in</em></strong></span> <span class='ocrx_word' id='word_1_208' title='bbox 1217 2797 1366 2862; x_wconf 83' lang='lat' dir='ltr'><strong><em>bumilia-</em></strong></span> 
     </span>
     <span class='ocr_line' id='line_1_24' title="bbox 179 2907 1367 2993; baseline -0.008 -15"><span class='ocrx_word' id='word_1_209' title='bbox 179 2912 268 2978; x_wconf 86' lang='lat' dir='ltr'><strong><em>ribus</em></strong></span> <span class='ocrx_word' id='word_1_210' title='bbox 297 2913 488 2978; x_wconf 85' lang='lat' dir='ltr'><strong><em>continentis</em></strong></span> <span class='ocrx_word' id='word_1_211' title='bbox 518 2911 697 2993; x_wconf 80' lang='lat' dir='ltr'><strong><em>repionibus</em></strong></span> <span class='ocrx_word' id='word_1_212' title='bbox 733 2910 857 2977; x_wconf 88' lang='lat' dir='ltr'><strong><em>Oceano</em></strong></span> <span class='ocrx_word' id='word_1_213' title='bbox 888 2914 972 2977; x_wconf 89' lang='lat' dir='ltr'><strong><em>mari</em></strong></span> <span class='ocrx_word' id='word_1_214' title='bbox 1009 2912 1221 2975; x_wconf 86' lang='lat' dir='ltr'><strong><em>conterminis.</em></strong></span> <span class='ocrx_word' id='word_1_215' title='bbox 1256 2907 1299 2971; x_wconf 77' lang='lat' dir='ltr'><strong><em>Ac</em></strong></span> <span class='ocrx_word' id='word_1_216' title='bbox 1332 2910 1367 2970; x_wconf 88' lang='lat' dir='ltr'><strong><em>in</em></strong></span> 
     </span>
     <span class='ocr_line' id='line_1_25' title="bbox 181 3019 1366 3100; baseline -0.006 -12"><span class='ocrx_word' id='word_1_217' title='bbox 181 3040 254 3088; x_wconf 81' lang='lat' dir='ltr'><strong><em>aero</em></strong></span> <span class='ocrx_word' id='word_1_218' title='bbox 281 3023 315 3087; x_wconf 84' lang='lat' dir='ltr'><strong><em>tt</em></strong></span> <span class='ocrx_word' id='word_1_219' title='bbox 342 3023 420 3092; x_wconf 84' lang='lat' dir='ltr'><strong><em>atico</em></strong></span> <span class='ocrx_word' id='word_1_220' title='bbox 449 3030 570 3087; x_wconf 87' lang='lat' dir='ltr'><strong><em>certum</em></strong></span> <span class='ocrx_word' id='word_1_221' title='bbox 596 3031 654 3096; x_wconf 90' lang='lat' dir='ltr'><strong><em>est,</em></strong></span> <span class='ocrx_word' id='word_1_222' title='bbox 685 3032 721 3087; x_wconf 90' lang='lat' dir='ltr'><strong><em>nt</em></strong></span> <span class='ocrx_word' id='word_1_223' title='bbox 751 3025 871 3088; x_wconf 85' lang='lat' dir='ltr'><strong><em>nemini</em></strong></span> <span class='ocrx_word' id='word_1_224' title='bbox 893 3025 934 3087; x_wconf 86' lang='lat' dir='ltr'><strong><em>sit</em></strong></span> <span class='ocrx_word' id='word_1_225' title='bbox 951 3022 1096 3095; x_wconf 86' lang='lat' dir='ltr'><strong><em>dubium,</em></strong></span> <span class='ocrx_word' id='word_1_226' title='bbox 1115 3021 1204 3084; x_wconf 91' lang='lat' dir='ltr'><strong><em>illum</em></strong></span> <span class='ocrx_word' id='word_1_227' title='bbox 1226 3019 1366 3100; x_wconf 79' lang='lat' dir='ltr'><strong><em>undique</em></strong></span> 
     </span>
     <span class='ocr_line' id='line_1_26' title="bbox 184 3130 1366 3215; baseline -0.004 -19"><span class='ocrx_word' id='word_1_228' title='bbox 184 3134 286 3196; x_wconf 81' lang='lat' dir='ltr'><strong><em>&#39;totum</em></strong></span> <span class='ocrx_word' id='word_1_229' title='bbox 316 3131 422 3198; x_wconf 85' lang='lat' dir='ltr'><strong><em>Terra</em></strong></span> <span class='ocrx_word' id='word_1_230' title='bbox 450 3140 480 3195; x_wconf 90' lang='grc' dir='ltr'><strong><em>ιι</em></strong></span> <span class='ocrx_word' id='word_1_231' title='bbox 508 3149 600 3215; x_wconf 81' lang='lat' dir='ltr'><strong><em>apua</em></strong></span> <span class='ocrx_word' id='word_1_232' title='bbox 622 3133 745 3214; x_wconf 85' lang='lat' dir='ltr'><strong><em>plobum</em></strong></span> <span class='ocrx_word' id='word_1_233' title='bbox 767 3133 900 3207; x_wconf 88' lang='lat' dir='ltr'><strong><em>ambire,</em></strong></span> <span class='ocrx_word' id='word_1_234' title='bbox 930 3141 966 3197; x_wconf 92' lang='lat' dir='ltr'><strong><em>ut</em></strong></span> <span class='ocrx_word' id='word_1_235' title='bbox 993 3151 1034 3196; x_wconf 79' lang='lat' dir='ltr'><strong><em>eu</em></strong></span> <span class='ocrx_word' id='word_1_236' title='bbox 1063 3133 1181 3196; x_wconf 88' lang='lat' dir='ltr'><strong><em>recenti</em></strong></span> <span class='ocrx_word' id='word_1_237' title='bbox 1209 3139 1238 3195; x_wconf 91' lang='lat' dir='ltr'><strong><em>et</em></strong></span> <span class='ocrx_word' id='word_1_238' title='bbox 1263 3130 1366 3194; x_wconf 82' lang='lat' dir='ltr'><strong><em>abmi-</em></strong></span> 
     </span>
     <span class='ocr_line' id='line_1_27' title="bbox 183 3236 1366 3326; baseline -0.001 -19"><span class='ocrx_word' id='word_1_239' title='bbox 183 3242 290 3308; x_wconf 82' lang='lat' dir='ltr'><strong><em>mtntla</em></strong></span> <span class='ocrx_word' id='word_1_240' title='bbox 325 3236 420 3307; x_wconf 82' lang='lat' dir='ltr'><strong><em>totiu&#39;s</em></strong></span> <span class='ocrx_word' id='word_1_241' title='bbox 454 3241 560 3308; x_wconf 88' lang='lat' dir='ltr'><strong><em>Terra</em></strong></span> <span class='ocrx_word' id='word_1_242' title='bbox 593 3251 622 3308; x_wconf 90' lang='lat' dir='ltr'><strong><em>et</em></strong></span> <span class='ocrx_word' id='word_1_243' title='bbox 654 3246 749 3326; x_wconf 84' lang='lat' dir='ltr'><strong><em>aquei</em></strong></span> <span class='ocrx_word' id='word_1_244' title='bbox 781 3243 862 3326; x_wconf 74' lang='lat' dir='ltr'><strong><em>abobi</em></strong></span> <span class='ocrx_word' id='word_1_245' title='bbox 895 3241 1200 3307; x_wconf 85' lang='lat' dir='ltr'><strong><em>circumlustratione</em></strong></span> <span class='ocrx_word' id='word_1_246' title='bbox 1235 3243 1366 3306; x_wconf 88' lang='lat' dir='ltr'><strong><em>nautica</em></strong></span> 
     </span>
     <span class='ocr_line' id='line_1_28' title="bbox 183 3351 1367 3436; baseline 0.002 -20"><span class='ocrx_word' id='word_1_247' title='bbox 183 3361 375 3435; x_wconf 85' lang='lat' dir='ltr'><strong><em>compertum</em></strong></span> <span class='ocrx_word' id='word_1_248' title='bbox 392 3361 446 3417; x_wconf 88' lang='lat' dir='ltr'><strong><em>est.</em></strong></span> <span class='ocrx_word' id='word_1_249' title='bbox 468 3351 606 3429; x_wconf 80' lang='lat' dir='ltr'><strong><em>Quodsi</em></strong></span> <span class='ocrx_word' id='word_1_250' title='bbox 623 3355 705 3435; x_wconf 81' lang='lat' dir='ltr'><strong><em>ipnis</em></strong></span> <span class='ocrx_word' id='word_1_251' title='bbox 724 3353 805 3417; x_wconf 85' lang='lat' dir='ltr'><strong><em>nibil</em></strong></span> <span class='ocrx_word' id='word_1_252' title='bbox 821 3352 909 3417; x_wconf 82' lang='lat' dir='ltr'><strong><em>aliucl</em></strong></span> <span class='ocrx_word' id='word_1_253' title='bbox 925 3360 986 3426; x_wconf 87' lang='lat' dir='ltr'><strong><em>est,</em></strong></span> <span class='ocrx_word' id='word_1_254' title='bbox 1005 3353 1067 3416; x_wconf 84' lang='lat' dir='ltr'><strong><em>nisi</em></strong></span> <span class='ocrx_word' id='word_1_255' title='bbox 1085 3355 1221 3417; x_wconf 88' lang='lat' dir='ltr'><strong><em>nimium</em></strong></span> <span class='ocrx_word' id='word_1_256' title='bbox 1238 3354 1367 3436; x_wconf 72' lang='lat' dir='ltr'><strong><em>rarefa-</em></strong></span> 
     </span>
     <span class='ocr_line' id='line_1_29' title="bbox 179 3463 1369 3546; baseline 0.003 -20"><span class='ocrx_word' id='word_1_257' title='bbox 179 3470 253 3527; x_wconf 86' lang='lat' dir='ltr'><strong><em>ctut</em></strong></span> <span class='ocrx_word' id='word_1_258' title='bbox 268 3480 339 3537; x_wconf 84' lang='lat' dir='ltr'><strong><em>aer,</em></strong></span> <span class='ocrx_word' id='word_1_259' title='bbox 356 3481 398 3528; x_wconf 76' lang='lat' dir='ltr'><strong><em>cn</em></strong></span> <span class='ocrx_word' id='word_1_260' title='bbox 414 3465 503 3546; x_wconf 72' lang='lat' dir='ltr'><strong><em>affini</em></strong></span> <span class='ocrx_word' id='word_1_261' title='bbox 518 3473 547 3535; x_wconf 86' lang='lat' dir='ltr'><strong><em>et</em></strong></span> <span class='ocrx_word' id='word_1_262' title='bbox 567 3467 713 3546; x_wconf 83' lang='lat' dir='ltr'><strong><em>coutipuo</em></strong></span> <span class='ocrx_word' id='word_1_263' title='bbox 734 3463 808 3526; x_wconf 79' lang='lat' dir='ltr'><strong><em>Coti</em></strong></span> <span class='ocrx_word' id='word_1_264' title='bbox 826 3471 928 3536; x_wconf 89' lang='lat' dir='ltr'><strong><em>motu,</em></strong></span> <span class='ocrx_word' id='word_1_265' title='bbox 943 3480 981 3526; x_wconf 86' lang='lat' dir='ltr'><strong><em>ac</em></strong></span> <span class='ocrx_word' id='word_1_266' title='bbox 998 3463 1221 3544; x_wconf 81' lang='lat' dir='ltr'><strong><em>bppeccauma,</em></strong></span> <span class='ocrx_word' id='word_1_267' title='bbox 1239 3473 1273 3529; x_wconf 89' lang='grc' dir='ltr'><strong><em>ιιι</em></strong></span> <span class='ocrx_word' id='word_1_268' title='bbox 1287 3463 1369 3529; x_wconf 79' lang='lat' dir='ltr'><strong><em>Ari-</em></strong></span> 
     </span>
     <span class='ocr_line' id='line_1_30' title="bbox 178 3573 1368 3657; baseline 0.002 -21"><span class='ocrx_word' id='word_1_269' title='bbox 178 3573 300 3637; x_wconf 84' lang='lat' dir='ltr'><strong><em>stoteles</em></strong></span> <span class='ocrx_word' id='word_1_270' title='bbox 317 3575 439 3656; x_wconf 73' lang='lat' dir='ltr'><strong><em>inquit:</em></strong></span> <span class='ocrx_word' id='word_1_271' title='bbox 457 3575 613 3656; x_wconf 77' lang='lat' dir='ltr'><strong><em>sequitur,</em></strong></span> <span class='ocrx_word' id='word_1_272' title='bbox 632 3577 736 3657; x_wconf 84' lang='lat' dir='ltr'><strong><em>ipsum</em></strong></span> <span class='ocrx_word' id='word_1_273' title='bbox 750 3577 887 3656; x_wconf 89' lang='lat' dir='ltr'><strong><em>pariter,</em></strong></span> <span class='ocrx_word' id='word_1_274' title='bbox 908 3582 937 3637; x_wconf 91' lang='grc' dir='ltr'><strong><em>ιι</em></strong></span> <span class='ocrx_word' id='word_1_275' title='bbox 956 3573 1112 3654; x_wconf 75' lang='lat' dir='ltr'><strong><em>reliquum</em></strong></span> <span class='ocrx_word' id='word_1_276' title='bbox 1131 3593 1248 3649; x_wconf 87' lang='lat' dir='ltr'><strong><em>aerem,</em></strong></span> <span class='ocrx_word' id='word_1_277' title='bbox 1269 3583 1368 3639; x_wconf 90' lang='lat' dir='ltr'><strong><em>totum</em></strong></span> 
     </span>
     <span class='ocr_line' id='line_1_31' title="bbox 178 3685 1369 3768; baseline 0 -20"><span class='ocrx_word' id='word_1_278' title='bbox 178 3700 274 3765; x_wconf 78' lang='lat' dir='ltr'><strong><em>aqua</em></strong></span> <span class='ocrx_word' id='word_1_279' title='bbox 291 3702 329 3749; x_wconf 90' lang='lat' dir='ltr'><strong><em>ac</em></strong></span> <span class='ocrx_word' id='word_1_280' title='bbox 347 3693 440 3750; x_wconf 83' lang='lat' dir='ltr'><strong><em>terro</em></strong></span> <span class='ocrx_word' id='word_1_281' title='bbox 458 3685 583 3765; x_wconf 80' lang='lat' dir='ltr'><strong><em>plobum</em></strong></span> <span class='ocrx_word' id='word_1_282' title='bbox 602 3686 857 3751; x_wconf 86' lang='lat' dir='ltr'><strong><em>circumambirc:</em></strong></span> <span class='ocrx_word' id='word_1_283' title='bbox 877 3704 948 3768; x_wconf 79' lang='lat' dir='ltr'><strong><em>qua</em></strong></span> <span class='ocrx_word' id='word_1_284' title='bbox 966 3688 1012 3749; x_wconf 90' lang='lat' dir='ltr'><strong><em>ita</em></strong></span> <span class='ocrx_word' id='word_1_285' title='bbox 1029 3685 1071 3747; x_wconf 88' lang='lat' dir='ltr'><strong><em>acl</em></strong></span> <span class='ocrx_word' id='word_1_286' title='bbox 1088 3703 1216 3749; x_wconf 88' lang='lat' dir='ltr'><strong><em>sensum</em></strong></span> <span class='ocrx_word' id='word_1_287' title='bbox 1230 3687 1369 3768; x_wconf 72' lang='lat' dir='ltr'><strong><em>manife-</em></strong></span> 
     </span>
    </p>
   </div>
   <div class='ocr_carea' id='block_1_3' title="bbox 178 3794 1372 4326">
    <p class='ocr_par' dir='ltr' id='par_1_4' title="bbox 178 3794 1372 4326">
     <span class='ocr_line' id='line_1_32' title="bbox 178 3794 1367 3880; baseline 0.003 -24"><span class='ocrx_word' id='word_1_288' title='bbox 178 3800 244 3869; x_wconf 86' lang='lat' dir='ltr'><strong><em>sta,</em></strong></span> <span class='ocrx_word' id='word_1_289' title='bbox 262 3795 386 3858; x_wconf 85' lang='lat' dir='ltr'><strong><em>ratione</em></strong></span> <span class='ocrx_word' id='word_1_290' title='bbox 401 3797 525 3876; x_wconf 86' lang='lat' dir='ltr'><strong><em>pariter</em></strong></span> <span class='ocrx_word' id='word_1_291' title='bbox 535 3798 580 3860; x_wconf 90' lang='lat' dir='ltr'><strong><em>sic</em></strong></span> <span class='ocrx_word' id='word_1_292' title='bbox 593 3797 856 3880; x_wconf 72' lang='lat' dir='ltr'><strong><em>confirmabimus.</em></strong></span> <span class='ocrx_word' id='word_1_293' title='bbox 872 3794 952 3872; x_wconf 82' lang='lat' dir='ltr'><strong><em>Qua</em></strong></span> <span class='ocrx_word' id='word_1_294' title='bbox 961 3798 1061 3880; x_wconf 78' lang='lat' dir='ltr'><strong><em>pluicla</em></strong></span> <span class='ocrx_word' id='word_1_295' title='bbox 1071 3806 1162 3872; x_wconf 88' lang='lat' dir='ltr'><strong><em>suut,</em></strong></span> <span class='ocrx_word' id='word_1_296' title='bbox 1175 3806 1212 3860; x_wconf 91' lang='lat' dir='ltr'><strong><em>ut</em></strong></span> <span class='ocrx_word' id='word_1_297' title='bbox 1223 3796 1367 3868; x_wconf 83' lang='lat' dir='ltr'><strong><em>bumida,</em></strong></span> 
     </span>
     <span class='ocr_line' id='line_1_33' title="bbox 179 3906 1370 3990; baseline 0.003 -24"><span class='ocrx_word' id='word_1_298' title='bbox 179 3911 211 3967; x_wconf 82' lang='lat' dir='ltr'><strong><em>ct</em></strong></span> <span class='ocrx_word' id='word_1_299' title='bbox 225 3906 430 3973; x_wconf 78' lang='lat' dir='ltr'><strong><em>tenuissimas</em></strong></span> <span class='ocrx_word' id='word_1_300' title='bbox 443 3915 550 3987; x_wconf 88' lang='lat' dir='ltr'><strong><em>partes</em></strong></span> <span class='ocrx_word' id='word_1_301' title='bbox 570 3906 699 3979; x_wconf 90' lang='lat' dir='ltr'><strong><em>babent,</em></strong></span> <span class='ocrx_word' id='word_1_302' title='bbox 718 3906 816 3971; x_wconf 88' lang='lat' dir='ltr'><strong><em>ueluti</em></strong></span> <span class='ocrx_word' id='word_1_303' title='bbox 830 3909 959 3990; x_wconf 83' lang='lat' dir='ltr'><strong><em>proprio</em></strong></span> <span class='ocrx_word' id='word_1_304' title='bbox 980 3911 1111 3972; x_wconf 87' lang='lat' dir='ltr'><strong><em>termino</em></strong></span> <span class='ocrx_word' id='word_1_305' title='bbox 1127 3907 1245 3990; x_wconf 73' lang='lat' dir='ltr'><strong><em>difficile</em></strong></span> <span class='ocrx_word' id='word_1_306' title='bbox 1262 3906 1370 3969; x_wconf 85' lang='lat' dir='ltr'><strong><em>termi-</em></strong></span> 
     </span>
     <span class='ocr_line' id='line_1_34' title="bbox 179 4016 1370 4098; baseline 0.003 -21"><span class='ocrx_word' id='word_1_307' title='bbox 179 4021 320 4090; x_wconf 82' lang='lat' dir='ltr'><strong><em>nantur,</em></strong></span> <span class='ocrx_word' id='word_1_308' title='bbox 336 4017 384 4079; x_wconf 89' lang='lat' dir='ltr'><strong><em>ita</em></strong></span> <span class='ocrx_word' id='word_1_309' title='bbox 400 4016 495 4098; x_wconf 70' lang='lat' dir='ltr'><strong><em>facile</em></strong></span> <span class='ocrx_word' id='word_1_310' title='bbox 514 4017 617 4084; x_wconf 89' lang='lat' dir='ltr'><strong><em>aliena</em></strong></span> <span class='ocrx_word' id='word_1_311' title='bbox 636 4019 770 4082; x_wconf 85' lang='lat' dir='ltr'><strong><em>termino</em></strong></span> <span class='ocrx_word' id='word_1_312' title='bbox 789 4019 1106 4082; x_wconf 86' lang='lat' dir='ltr'><strong><em>circumscribuntur.</em></strong></span> <span class='ocrx_word' id='word_1_313' title='bbox 1125 4016 1170 4080; x_wconf 83' lang='lat' dir='ltr'><strong><em>At</em></strong></span> <span class='ocrx_word' id='word_1_314' title='bbox 1189 4017 1370 4097; x_wconf 83' lang='lat' dir='ltr'><strong><em>bujusmadi</em></strong></span> 
     </span>
     <span class='ocr_line' id='line_1_35' title="bbox 180 4128 1371 4215; baseline 0.006 -28"><span class='ocrx_word' id='word_1_315' title='bbox 180 4133 262 4188; x_wconf 82' lang='lat' dir='ltr'><strong><em>sunt</em></strong></span> <span class='ocrx_word' id='word_1_316' title='bbox 277 4129 386 4191; x_wconf 80' lang='lat' dir='ltr'><strong><em>munia</em></strong></span> <span class='ocrx_word' id='word_1_317' title='bbox 404 4128 555 4194; x_wconf 89' lang='lat' dir='ltr'><strong><em>elementa</em></strong></span> <span class='ocrx_word' id='word_1_318' title='bbox 574 4128 723 4215; x_wconf 78' lang='lat' dir='ltr'><strong><em>(eccepto</em></strong></span> <span class='ocrx_word' id='word_1_319' title='bbox 745 4129 845 4195; x_wconf 90' lang='lat' dir='ltr'><strong><em>Terra</em></strong></span> <span class='ocrx_word' id='word_1_320' title='bbox 848 4129 883 4214; x_wconf 91' lang='lat'><strong><em>),·</em></strong></span> <span class='ocrx_word' id='word_1_321' title='bbox 901 4132 984 4211; x_wconf 81' lang='lat' dir='ltr'><strong><em>ipuis</em></strong></span> <span class='ocrx_word' id='word_1_322' title='bbox 1002 4132 1099 4203; x_wconf 74' lang='lat' dir='ltr'><strong><em>enini,</em></strong></span> <span class='ocrx_word' id='word_1_323' title='bbox 1119 4128 1157 4194; x_wconf 93' lang='lat' dir='ltr'><strong><em>ob</em></strong></span> <span class='ocrx_word' id='word_1_324' title='bbox 1177 4139 1283 4195; x_wconf 85' lang='lat' dir='ltr'><strong><em>tenues</em></strong></span> <span class='ocrx_word' id='word_1_325' title='bbox 1306 4150 1371 4195; x_wconf 80' lang='lat' dir='ltr'><strong><em>sate</em></strong></span> 
     </span>
     <span class='ocr_line' id='line_1_36' title="bbox 179 4238 1372 4326; baseline 0.001 -24"><span class='ocrx_word' id='word_1_326' title='bbox 179 4238 591 4320; x_wconf 62' lang='lat' dir='ltr'><strong><em>murmurmurmur</em></strong></span> <span class='ocrx_word' id='word_1_327' title='bbox 607 4243 818 4326; x_wconf 84' lang='lat' dir='ltr'><strong><em>bppeccauma</em></strong></span> <span class='ocrx_word' id='word_1_328' title='bbox 837 4249 867 4304; x_wconf 87' lang='lat' dir='ltr'><strong><em>et</em></strong></span> <span class='ocrx_word' id='word_1_329' title='bbox 883 4242 993 4322; x_wconf 80' lang='lat' dir='ltr'><strong><em>samus</em></strong></span> <span class='ocrx_word' id='word_1_330' title='bbox 1011 4242 1141 4323; x_wconf 78' lang='lat' dir='ltr'><strong><em>ardens,</em></strong></span> <span class='ocrx_word' id='word_1_331' title='bbox 1158 4242 1250 4324; x_wconf 68' lang='lat' dir='ltr'><strong><em>focile</em></strong></span> <span class='ocrx_word' id='word_1_332' title='bbox 1270 4242 1372 4306; x_wconf 84' lang='lat' dir='ltr'><strong><em>abeno</em></strong></span> 
     </span>
    </p>
   </div>
   <div class='ocr_carea' id='block_1_4' title="bbox 257 4489 644 4550">
    <p class='ocr_par' dir='ltr' id='par_1_5' title="bbox 257 4489 644 4550">
     <span class='ocr_line' id='line_1_37' title="bbox 257 4489 644 4550; baseline -0.008 -4"><span class='ocrx_word' id='word_1_333' title='bbox 257 4489 290 4550; x_wconf 73' lang='grc'><strong><em>(1]</em></strong></span> <span class='ocrx_word' id='word_1_334' title='bbox 312 4492 372 4542; x_wconf 82' lang='lat' dir='ltr'><strong><em>Vetlt&#39;</em></strong></span> <span class='ocrx_word' id='word_1_335' title='bbox 383 4494 409 4544; x_wconf 89' lang='lat' dir='ltr'><strong><em>la</em></strong></span> <span class='ocrx_word' id='word_1_336' title='bbox 421 4494 533 4544; x_wconf 82' lang='lat' dir='ltr'><strong><em>Postilla</em></strong></span> <span class='ocrx_word' id='word_1_337' title='bbox 544 4493 579 4542; x_wconf 30' lang='lat' dir='ltr'><strong><em>,vo</em></strong></span> <span class='ocrx_word' id='word_1_338' title='bbox 588 4494 611 4542; x_wconf 77' lang='lat' dir='ltr'><strong><em>,t</em></strong></span> <span class='ocrx_word' id='word_1_339' title='bbox 619 4495 644 4546; x_wconf 79' lang='lat' dir='ltr'><strong><em>V.</em></strong></span> 
     </span>
    </p>
   </div>
   <div class='ocr_carea' id='block_1_5' title="bbox 0 0 1558 5154">
    <p class='ocr_par' dir='ltr' id='par_1_6' title="bbox 0 0 1558 5154">
     <span class='ocr_line' id='line_1_38' title="bbox 0 0 1558 5154; baseline 0 0"><span class='ocrx_word' id='word_1_340' title='bbox 0 0 1558 5154; x_wconf 95' lang='lat' dir='ltr'><strong><em> </em></strong></span> 
     </span>
    </p>
   </div>
  </div>
 </body>
</html>
