3096 5154
573 344 801 394 ssrrosourcos
823 344 948 392 unncrcs
1313 328 1358 393 73

178 489 363 555 mensttucs
392 484 652 552 illuminationes
665 483 823 548 clariores
839 480 955 560 modo,
973 480 1148 546 debiliores
1165 483 1249 548 alias
1263 485 1359 548 nohis

179 598 331 680 largitur:
350 613 470 661 rerum
489 611 585 678 equa
602 594 698 659 lance
714 593 912 658 heneficium
931 592 1100 658 aTellure
1114 599 1357 674 compensatur.

175 709 264 774 llum
281 707 372 772 enim
391 706 486 770 Luna
504 705 566 768 sub
585 703 658 770 Sole
676 705 767 769 circa
784 703 1033 785 conjunctiones
1049 705 1226 786 reperitur,
1244 720 1361 786 super-

177 820 288 886 dciem
304 800 470 883 terrestris
486 815 709 898 hemispherii
725 813 792 880 Soli
810 814 968 896 expositi,
985 814 1172 896 viridisque
1193 814 1296 877 radiis
1318 815 1361 878 il·
1412 886 1415 890 ,

178 929 326 1005 lustrati,
341 929 503 1010 integram
518 925 667 1008 respicit,
678 925 906 1006 redsxnmque
922 925 965 988 ab
980 925 1051 1006 ipsa
1068 925 1182 988 lumen
1199 925 1361 1007 concipit:

177 1056 219 1105 ac
235 1037 374 1122 proinde
387 1055 430 1102 ex
448 1038 508 1102 tali
525 1035 705 1100 reflexione
723 1034 863 1099 interius
875 1034 1145 1116 hemispherium
1155 1034 1273 1110 Lunae,
1283 1033 1362 1100 licet

179 1150 281 1215 solari
305 1149 432 1212 lumine
448 1146 657 1222 destitutum,
682 1163 750 1210 non
772 1144 904 1209 modice
934 1145 1047 1209 lucens
1068 1150 1214 1226 apparet.
1235 1145 1362 1209 Eadem

178 1259 289 1336 huns,
307 1276 367 1341 per
379 1257 599 1340 quadrantem
618 1274 638 1321 a
656 1256 731 1322 Sole
754 1260 896 1328 remota,
915 1255 1091 1319 dimidium
1110 1260 1240 1320 tantum
1258 1261 1364 1320 terre-

180 1369 256 1435 stris
273 1368 494 1450 hemispherii
512 1367 739 1431 illuminatum
756 1365 934 1447 conspicit,
953 1365 1079 1429 scilicet
1096 1365 1291 1439 occiduum3
1310 1363 1362 1427 al-

180 1485 253 1545 ters
269 1478 358 1543 enim
378 1477 538 1542 medietas
554 1477 727 1540 orientalis
742 1481 841 1541 nocte
858 1473 1108 1539 obtenebratum
1128 1492 1221 1557 ergo,
1240 1480 1274 1540 et
1291 1476 1363 1558 ipsa

180 1587 276 1652 Luna
304 1586 473 1669 splendide
502 1586 615 1650 minus
638 1604 658 1650 a
680 1587 782 1649 Terra
799 1585 1001 1659 illustratur,
1019 1584 1133 1665 ejusve
1148 1586 1286 1667 proinde
1303 1586 1364 1648 lux

178 1698 237 1763 iila
253 1696 451 1762 secundaria
468 1695 589 1760 exilior
604 1695 699 1759 nobis
717 1699 863 1777 apparet.
874 1692 970 1770 Quod
988 1696 1016 1758 si
1034 1693 1163 1758 Lunam
1183 1696 1219 1758 in
1232 1695 1365 1777 opposi-

178 1810 271 1878 tione
289 1808 332 1872 ad
351 1807 459 1873 Solem
478 1806 678 1880 constituas,
696 1805 857 1886 spectabit
879 1805 950 1885 ipsa
966 1802 1235 1885 hemispherium
1259 1805 1366 1868 inter-

178 1919 297 1983 medie
316 1918 459 1982 Telluris
471 1917 607 1980 omnino
619 1915 845 1989 tenebrosum,
856 1914 1061 1994 obscuraque
1075 1918 1173 1977 nocte
1184 1913 1366 1994 periusum;

181 2029 210 2091 sl
227 2028 330 2108 igitur
346 2027 501 2109 ecliptica
519 2025 621 2090 tuerit
638 2025 716 2089 talis
732 2025 909 2106 oppositio,
929 2025 1057 2088 nullam
1080 2039 1217 2105 prorsus
1237 2023 1367 2087 illumi-

181 2137 351 2198 nationem
367 2137 504 2217 recipiet
521 2134 631 2209 Luna,
649 2135 751 2200 solari
774 2133 875 2199 simul
904 2151 943 2198 ac
979 2135 1126 2199 terrestri
1150 2134 1366 2198 irradiatione

182 2242 350 2305 destituta.
367 2243 407 2307 ln
427 2245 517 2318 aliis,
535 2249 634 2324 atque
652 2247 727 2310 aliis
745 2245 788 2309 ad
806 2245 944 2308 Terram
968 2244 1060 2309 etad
1077 2242 1366 2310 Solemhabitudi-

182 2350 297 2424 nibus,
310 2349 435 2432 malus,
448 2350 602 2415 minusve
616 2369 637 2415 a
651 2353 798 2417 terrestri
813 2353 992 2418 reflexione
1002 2354 1119 2435 recipit
1128 2354 1256 2429 lumen,
1267 2358 1367 2434 prout

182 2463 359 2544 majorem,
377 2465 435 2524 aut
450 2461 614 2524 minorem
631 2463 796 2526 terrestris
810 2461 1033 2544 hemispherii
1046 2463 1225 2526 illuminati
1236 2469 1364 2544 partem

184 2571 397 2655 spectaverit3
415 2571 446 2633 is
460 2570 550 2633 enim
570 2571 657 2635 inter
675 2571 758 2637 duos
774 2573 873 2636 hosce
892 2571 1006 2654 globos
1027 2576 1183 2636 servatur
1204 2577 1313 2647 tenor,
1330 2577 1369 2635 ut

182 2681 305 2762 quihus
317 2679 522 2761 temporibus
539 2681 686 2743 maxime
714 2698 735 2744 a
765 2681 860 2745 Luna
888 2682 1075 2745 illustratur
1103 2680 1226 2757 Tellus,
1252 2683 1368 2746 iisdem

184 2792 294 2856 minus
312 2792 387 2856 vice
405 2806 503 2856 versa
519 2807 541 2855 a
559 2788 660 2854 Terra
679 2791 887 2856 illuminetur
905 2791 1014 2867 Luna,
1031 2797 1065 2856 et
1080 2809 1100 2856 c
1118 2796 1245 2857 contra.
1261 2791 1369 2873 Atque
1457 2796 1461 2804 '

181 2900 255 2966 hec
271 2918 379 2982 pauca
396 2900 438 2964 de
455 2917 493 2964 re
510 2899 545 2965 in
563 2902 718 2980 presenti
736 2904 811 2966 loco
832 2901 922 2981 dicta
943 2900 1125 2978 sufficiant,
1148 2903 1254 2966 husius
1279 2902 1369 2965 enim

184 3011 220 3096 in
246 3016 363 3074 nostro
391 3010 577 3092 systemate
594 3009 729 3084 Mundi:
745 3013 804 3076 uhi
821 3014 1051 3094 complurimis
1068 3018 1101 3076 et
1119 3012 1317 3084 rationibus,
1336 3017 1370 3075 et

183 3121 418 3203 experimentis
434 3121 640 3186 validissima
658 3123 775 3187 solaris
791 3123 928 3187 luminis
945 3142 963 3187 e
978 3123 1080 3187 Terra
1099 3122 1235 3186 redexio
1257 3127 1370 3186 osten-

185 3232 276 3296 ditur
289 3231 370 3306 illis,
386 3230 446 3312 qul
462 3247 538 3295 eum
556 3248 577 3294 a
596 3229 774 3297 Stellarum
788 3234 909 3298 chorea
924 3233 1102 3297 arcendam
1117 3248 1187 3297 esse
1200 3232 1370 3314 iactitant,

185 3360 228 3407 ex
252 3359 293 3406 eo
306 3342 531 3423 potissimum,
545 3342 671 3423 quode
690 3350 785 3408 motu
809 3349 841 3407 et
861 3361 881 3407 a
899 3344 1026 3407 lumine
1044 3343 1086 3407 sit
1103 3359 1227 3407 vacua:
1246 3358 1369 3424 vagam

185 3453 275 3516 enim
295 3452 404 3527 illam,
421 3469 462 3516 ac
479 3451 610 3516 Lunam
634 3454 805 3535 splendore
827 3458 1053 3535 superantem,
1071 3470 1137 3518 non
1161 3459 1275 3518 autem
1297 3470 1371 3517 sor·

184 3561 278 3625 dium
301 3561 612 3645 mundanarumque
639 3564 761 3628 tecum
776 3565 955 3638 sentinam,
968 3578 1040 3627 esse
1053 3563 1370 3640 demonstrabimus,

184 3675 218 3735 et
234 3671 444 3736 naturalibus
457 3690 590 3754 quoque
606 3673 790 3738 rationibus
809 3675 973 3740 sexcentis
990 3670 1274 3738 confirmabimus.

272 3781 426 3844 Diximus
455 3783 628 3864 hucusque
646 3783 687 3847 de
703 3784 989 3849 observationibus
1007 3785 1099 3849 circa
1115 3785 1233 3848 lunare
1250 3801 1372 3865 corpus

184 3892 321 3966 habitis;
336 3907 427 3956 nunc
440 3890 481 3956 de
496 3892 760 3969 Stellisilxisea,
780 3911 854 3975 que
876 3895 1036 3958 hactenus
1063 3912 1084 3958 a
1106 3894 1203 3957 nobis
1225 3896 1372 3975 inspecta
1506 3893 1509 3901 ’

185 4004 336 4079 luerunt,
353 4003 499 4069 breviter
514 4004 549 4067 in
567 4004 716 4068 medium
735 4004 935 4068 adieramus.
946 4005 994 4068 Ac
1005 4004 1114 4086 primo
1125 4004 1208 4067 illud
1219 4004 1372 4068 animad-

185 4115 336 4178 versione
355 4114 495 4197 dignum
529 4121 592 4191 est,
625 4114 715 4196 cuod
749 4116 874 4179 scilicet
908 4115 1016 4181 Stellae
1048 4121 1119 4178 tam
1148 4114 1240 4189 iixae,
1268 4133 1371 4198 quam

186 4227 397 4303 errabundae,
416 4227 496 4290 dum
526 4227 675 4292 adhibito
700 4227 892 4309 Perspicillo
920 4231 1129 4309 spectantur,
1158 4239 1369 4305 nequaquem

186 4338 414 4421 magnitudine
444 4339 559 4421 augeri
575 4339 732 4402 videntur
749 4339 849 4421 juxta
866 4339 1111 4423 proportionem
1130 4336 1297 4410 eamdem,
1318 4351 1371 4396 se-

187 4451 334 4514 cundum
351 4468 452 4532 orsam
470 4451 599 4533 oblecta
617 4451 760 4532 reliqua,
778 4457 811 4515 et
829 4452 968 4533 ipsamet
981 4467 1114 4534 quoque
1128 4449 1239 4524 Luna,
1256 4443 1372 4525 acqui-

274 4557 396 4615 drinio
413 4558 655 4618 Gutum-Tou.
673 4558 723 4617 lll.
854 4640 858 4649 Δ
1189 4556 1218 4608 5·
