3096 5154
569 330 816 411 narbonemque
838 329 963 377 nuncios
1322 311 1364 374 or

178 469 744 552 earumopacitas,autremittitur,
759 469 814 532 sed
832 471 957 550 exiguo
976 468 1155 535 admodum
1174 468 1365 532 discrimine

179 582 364 664 paullulum
383 581 591 645 obscuriores
607 578 707 642 modo
723 585 898 660 apparent,
917 577 1018 642 modo
1036 594 1117 642 vero
1138 577 1310 650 clariores,
1336 578 1363 639 si

177 694 283 774 magis
301 695 360 757 aut
378 691 490 755 minus
507 689 633 770 obliqui
649 689 683 753 in
695 705 752 752 eas
767 688 852 752 radii
868 689 991 752 solares
1002 689 1165 752 incidant:
1178 687 1366 768 iunguntur

177 809 338 886 praeterea
355 819 433 867 cum
451 800 612 883 proximis
632 795 678 885 (l)
708 801 918 864 macularum
947 800 1098 881 partibus
1128 800 1195 864 leni
1223 799 1367 880 quadam

177 914 316 994 copula,
329 911 475 976 confinia
492 911 681 985 miscentes,
699 927 739 973 ae
757 910 1013 985 contundentem
1031 902 1134 975 secus·
1146 924 1227 974 vero
1245 911 1281 972 in
1295 926 1368 972 ma-

176 1024 262 1089 culis
293 1021 416 1086 accidit
443 1021 698 1103 splendidiorem
728 1020 832 1086 Lunae
867 1022 1076 1104 superficiem
1115 1021 1369 1104 occupantibus;

178 1132 274 1214 quasi
291 1133 382 1196 euim
400 1131 550 1212 abrupte
568 1149 669 1213 rupes
685 1133 810 1213 asperis
827 1139 860 1196 et
884 1133 1366 1215 angulatisscopulisconsitae,

178 1241 374 1307 umbrarum
400 1241 629 1322 luminumque
656 1241 796 1308 rudibus
830 1239 879 1330 (⁴2)
908 1244 1154 1308 discriminibus
1176 1244 1220 1307 ad
1240 1245 1362 1308 lineam

180 1338 462 1416 disterminantur.
482 1351 679 1433 Spectentur
697 1353 831 1435 insuper
844 1355 933 1418 iutra
947 1355 1081 1419 easdem
1096 1373 1234 1438 magnas
1247 1373 1367 1420 macu-

180 1463 232 1527 las
248 1463 367 1527 areolae
381 1464 535 1544 quedam
549 1465 624 1530 aliae
639 1465 812 1542 clariores,
828 1468 896 1530 imo
912 1471 945 1530 et
962 1465 1131 1531 nonnullae
1141 1465 1365 1532 lucidissimae:

180 1589 316 1647 verum,
332 1578 367 1637 et
385 1573 504 1640 barum
522 1580 556 1640 et
575 1577 820 1653 obscuriorum,
848 1575 937 1640 idem
966 1593 1095 1658 semper
1122 1582 1171 1640 est
1200 1582 1367 1658 aspectus,
1486 1599 1489 1605 ·

182 1684 291 1759 uuila,
309 1690 368 1750 aut
387 1685 587 1768 figurarum,
606 1693 664 1752 aut
679 1687 779 1762 lucis,
797 1693 855 1752 aut
873 1687 1051 1769 opacitatis
1064 1687 1223 1762 mutatio;
1238 1687 1321 1750 adeo
1331 1691 1369 1748 ut

182 1801 390 1876 compertum
406 1797 696 1879 indubitatumque
717 1798 775 1872 sit,
787 1815 947 1879 apparere
956 1797 1033 1861 illas
1043 1798 1085 1860 ob
1096 1813 1210 1860 veram
1220 1798 1366 1877 partium

180 1905 492 1983 dissimilaritatem,
515 1913 714 1973 nouantem
732 1910 775 1973 ob
790 1908 1033 1989 inaequalitates
1050 1912 1181 1972 tanturn
1200 1908 1234 1969 in
1253 1907 1370 1987 liguris

184 2017 379 2082 earumdem
396 2020 557 2100 partium,
573 2019 711 2084 umbras
728 2037 771 2082 ex
788 2019 891 2082 variis
910 2017 995 2084 Solis
1006 2018 1305 2083 illuminationibus
1316 2017 1369 2080 di-

181 2127 379 2191 versimode·
398 2131 623 2206 moventibus3
656 2129 746 2212 quod
777 2131 860 2193 bene
892 2129 1032 2210 contigit
1065 2130 1105 2193 de
1138 2130 1278 2195 maculis
1296 2130 1370 2193 aliis

186 2234 371 2301 minoribus
397 2240 574 2304 clariorem
598 2241 700 2306 Lunae
718 2247 847 2323 partem
865 2242 1119 2321 occupantibus:
1137 2241 1172 2304 in
1191 2241 1261 2305 dies
1281 2242 1370 2304 enim

183 2351 431 2425 permutantur,
462 2355 640 2428 augentur,
664 2352 923 2424 imminuuntur,
950 2351 1139 2424 abolentur;
1157 2352 1278 2431 quippe
1295 2367 1370 2430 quau

188 2456 231 2520 ab
248 2457 377 2520 umbris
392 2462 524 2523 tantum
542 2459 799 2523 eminentiorum
813 2466 925 2524 ortum
943 2459 1080 2524 ducunt.

273 2566 398 2632 Verum
415 2585 537 2650 magna
551 2569 605 2632 bic
621 2569 828 2634 dubitatione
840 2570 1026 2651 complures
1038 2568 1126 2633 allici
1137 2570 1258 2645 sentio,
1269 2571 1372 2634 adeo-

183 2696 247 2760 que
266 2677 363 2760 gravi
381 2675 578 2743 difficultate
596 2679 769 2759 occupari,
787 2684 826 2743 ut
838 2682 911 2762 jam
930 2679 1147 2761 explicatam,
1159 2686 1193 2745 et
1207 2686 1256 2745 tot
1271 2699 1373 2763 appa-

183 2791 299 2854 rentiis
309 2788 543 2854 confirmatam
553 2790 803 2854 conclusionem
814 2790 848 2853 in
866 2789 1006 2854 dubium
1024 2807 1183 2856 revocare
1200 2797 1374 2874 cogantur.

183 2900 218 2965 Si
247 2900 337 2965 euim
365 2917 441 2982 pars
463 2900 523 2964 illa
544 2901 674 2966 lunaris
694 2901 896 2988 superficiei,
911 2917 987 2982 quae
1003 2900 1216 2982 ¹splendidius
1245 2903 1370 2966 solares

170 3012 300 3075 radios
312 3017 498 3091 retorquet,
514 3011 735 3088 anfractibus,
750 3013 936 3079 tumoribus
953 3013 1080 3078 seilicet
1103 3019 1136 3076 et
1164 3013 1294 3076 lacunis
1317 3014 1372 3075 in·

187 3122 332 3184 numeris
350 3125 400 3184 est
417 3120 559 3202 repleta;
576 3140 638 3186 cur
649 3123 683 3186 in
694 3124 855 3188 crescenti
866 3122 962 3188 Luna
973 3129 1122 3186 extrema
1136 3124 1373 3188 circumferen-

186 3230 251 3304 tia,
267 3247 341 3310 quae
364 3248 521 3298 occasum
550 3251 667 3318 versus
694 3241 835 3317 spectat,
861 3236 896 3298 in
926 3234 1129 3299 decrescenti
1157 3251 1238 3300 vero
1268 3235 1373 3299 altera

188 3342 538 3409 semicircumierentia
565 3346 752 3419 orientalis,
780 3364 820 3408 ac
843 3346 878 3408 in
900 3344 1084 3426 plenilunio
1102 3349 1173 3409 tota
1190 3345 1376 3426 peripheria

188 3471 255 3518 nou
275 3455 497 3535 inequabilis,
526 3474 652 3538 aspera.
666 3461 700 3520 et
722 3457 873 3530 sinuosa,
895 3473 1013 3520 verum
1031 3461 1155 3519 exacte·
1170 3454 1314 3520 rotunda
1341 3459 1374 3515 et

186 3565 365 3639 circinata,
383 3567 548 3649 nullisque
566 3568 753 3634 tumoribus
774 3573 843 3632 aut.
855 3566 1058 3632 caritatibus
1080 3582 1215 3630 corrosa
1237 3564 1371 3645 conspi-

185 3675 294 3741 citur?
309 3681 408 3758 atque
424 3695 466 3740 ex
482 3696 522 3742 eo
541 3679 702 3754 maxime,
719 3679 800 3759 quia
812 3682 901 3743 totus
912 3677 1040 3759 integer
1051 3677 1174 3741 limbus
1184 3691 1228 3739 ex
1239 3673 1374 3738 clariori

188 3787 290 3852 Lunae
314 3787 499 3853 substantia
521 3794 666 3864 constat,
684 3807 787 3870 quam
805 3789 1011 3862 tuberosam,
1028 3788 1288 3866 lacunosamque
1305 3801 1374 3847 esse

186 3899 348 3972 diximum
365 3916 564 3980 magnarum
579 3900 669 3963 enim
687 3900 895 3963 macularum
911 3899 1004 3963 nulla
1016 3898 1059 3961 ad
1069 3903 1255 3961 extremam
1264 3910 1372 3973 usque

186 4011 400 4092 perimetrum
411 4010 650 4092 exporrigitur,
662 4008 719 4072 sed
730 4025 846 4073 omnes
862 4008 979 4090 procul
998 4008 1040 4073 ab
1058 4007 1167 4072 orbita
1185 4007 1375 4087 aggregatae

187 4127 381 4187 cernuntur.
392 4120 501 4202 liujus
513 4122 729 4204 apparentiae,
740 4138 856 4186 ansam
869 4125 937 4193 torn
948 4121 1096 4203 graviter
1107 4115 1280 4184 dubitandi
1293 4130 1378 4196 prae·

259 4400 289 4457 (ij
306 4400 412 4461 reliquls
430 4399 483 4450 MS.
502 4401 524 4450 1.

260 4480 289 4534 til
306 4477 418 4539 taglienti
434 4479 499 4541 (sic).
517 4476 570 4530 MS.
589 4479 609 4527 l.
