3096 5154
184 300 245 366 litt
471 311 614 361 rursum
637 310 732 359 sunau
756 309 1072 359 trasumenum

180 454 423 523 illuminatione
439 467 482 514 ex
496 450 542 523 A,
553 450 680 516 circum
699 448 836 514 limbum
852 447 877 514 c
892 448 1017 513 clarius
1030 446 1147 529 fulget,
1164 446 1277 528 quasi
1293 448 1389 514 euim

179 568 344 631 montium
367 563 484 626 dorsus
511 562 624 627 lumen
652 560 776 625 directe
804 559 911 643 magis
937 558 1070 642 recipila
1097 544 1192 623 bunc
1222 562 1388 642 sequitur

179 673 412 740 obscurissima
429 673 550 738 lacuna
567 671 611 748 D,
636 673 731 737 obice
747 673 913 738 montium
934 668 960 736 (l
984 676 1018 736 et
1040 670 1176 753 propria
1196 671 1388 753 profundi·

181 792 248 850 tale
258 784 469 858 obumbrala;
478 788 552 865 post
565 784 651 848 banc
665 783 765 847 habet
779 783 923 847 alterum
937 781 1072 848 dorsum
1085 780 1113 848 li
1127 782 1217 847 natis
1233 784 1387 859 clarum,

179 913 277 977 quem
293 896 442 977 sequitur
454 896 572 961 umbra
588 895 628 970 F,
642 910 716 975 qua
730 895 866 976 quidem
880 893 1015 971 umbra,
1029 909 1100 959 uua
1111 910 1195 957 cum
1209 894 1386 961 lucidiore

178 1012 272 1088 parte
290 1004 315 1071 G
334 1023 401 1070 non
419 1004 560 1081 adesset,
591 1005 619 1069 si
648 1006 788 1087 simplex
810 1005 933 1070 lacuna
950 1004 979 1068 ll
996 1004 1087 1069 inira
1102 1004 1256 1086 planum
1279 1026 1386 1074 exca-

180 1123 326 1183 varelur.
339 1115 536 1200 Huiusmodi
551 1120 662 1181 aulem
674 1115 798 1197 figuras
809 1115 1203 1182 sexcentasvideaslicet
1220 1117 1263 1182 in
1274 1118 1383 1185 Luna.
1445 1102 1447 1115 '

181 1230 314 1311 Scopuli
329 1245 476 1311 quoque,
492 1227 608 1308 quales
625 1226 716 1290 circu
734 1231 849 1291 notam
864 1226 890 1291 B
905 1226 1052 1309 depictos
1068 1226 1187 1302 babes,
1210 1235 1382 1311 apparent

179 1341 305 1422 plures;
316 1356 455 1421 quorum
469 1353 546 1421 pars
561 1336 628 1402 Soli
642 1337 791 1418 exposita
806 1336 1011 1402 lucidissima
1025 1336 1251 1419 conspicitur,
1263 1356 1383 1406 aversa

179 1455 291 1514 autern
301 1451 451 1525 obscura,
460 1448 587 1514 umbrae
601 1464 733 1530 quoque
748 1464 863 1514 eorum
879 1448 914 1513 in
928 1448 1028 1530 plano
1037 1452 1187 1514 extensu
1201 1450 1383 1519 videntur.
1443 1480 1447 1537 3

179 1559 354 1626 Concludit
371 1561 521 1633 demum,
533 1560 749 1642 pbaenumena
765 1576 853 1624 ame
871 1560 973 1624 alluta
990 1560 1210 1642 Philosophus
1223 1564 1384 1631 noudum

178 1678 343 1748 avertere;
357 1672 414 1754 qui
433 1687 525 1735 meas
539 1670 689 1734 maculas
702 1667 870 1744 obscuras,
885 1669 1024 1735 lacunas
1035 1670 1147 1753 polius
1161 1671 1264 1738 iutra
1279 1674 1384 1743 Luna
1445 1732 1447 1741 .

176 1785 391 1856 soliditatem,
410 1783 516 1846 veluti
535 1781 673 1863 capillos
703 1779 954 1845 diversicolores
976 1780 1010 1845 in
1031 1780 1234 1863 crystallino
1268 1788 1384 1869 globo,
1445 1864 1447 1873 Ι

176 1910 247 1956 esse
265 1891 494 1964 affirmabunt,
514 1896 663 1954 extrema
682 1889 814 1954 iuterim
833 1889 935 1955 Luna
953 1890 1128 1973 superficie
1145 1893 1336 1973 pellucido
1349 1914 1386 1963 ιο
1445 1878 1447 1889 ’

176 2000 339 2083 perpolita
354 2001 523 2064 existente.
539 1999 601 2063 ille
616 2001 761 2081 primum
777 2000 951 2076 admoneo,
970 2018 1062 2066 meas
1075 2002 1157 2066 istas
1169 2005 1388 2086 nigerrimae

178 2109 329 2174 maculas
345 2126 381 2171 re
397 2125 477 2173 vera
494 2110 544 2173 nil
563 2109 654 2174 aliud
673 2125 756 2186 esse,
785 2126 887 2191 quam
915 2113 1070 2186 umbras3
1096 2113 1387 2198 quandoquidem

180 2224 353 2301 augentur,
364 2219 616 2295 imminuuntur,
628 2221 866 2302 abolenturque
877 2223 1023 2298 omnino,
1035 2227 1246 2289 molentun
1259 2228 1388 2296 dextra

179 2334 214 2395 iu
232 2331 413 2408 sinistram,
431 2336 464 2396 et
481 2350 500 2396 e
517 2337 649 2407 contra,
666 2337 765 2414 prout
793 2330 878 2397 Sulis
900 2333 1075 2397 irradiatio
1092 2332 1194 2398 modo
1220 2337 1388 2423 oblique,

178 2444 277 2509 modo
295 2444 433 2520 directe,
462 2442 562 2509 modo
591 2462 634 2509 cx
653 2444 838 2521 occidente,
856 2444 956 2509 modo
972 2460 1015 2508 ex
1037 2445 1163 2509 oriente
1180 2444 1220 2509 lu
1239 2444 1386 2518 Lunam

181 2556 314 2629 incidit;
331 2568 473 2636 quorum
491 2555 668 2619 ellectuum
685 2555 781 2616 nulla
799 2555 1007 2618 rationabilis
1034 2555 1229 2636 assignatur
1256 2576 1388 2636 causa,

177 2667 241 2729 uisi
253 2667 357 2745 ipsius
376 2663 562 2744 superficiei
579 2663 800 2742 inequalitas.
817 2662 897 2727 Esse
914 2664 1033 2729 deinde
1056 2665 1194 2730 lacunas
1214 2666 1311 2735 istae
1330 2690 1386 2738 re-

175 2777 282 2858 pletas
301 2773 442 2837 materia
471 2772 584 2853 aliqua
613 2771 793 2853 diapbana,
820 2772 967 2854 adeoque
996 2775 1177 2856 pelluclda,
1198 2782 1242 2841 ut
1259 2782 1386 2848 visum

175 2889 329 2949 nostrum
353 2888 385 2946 et
408 2882 494 2948 Solis
517 2881 765 2946 irradiationem
783 2883 973 2948 nullalenus
992 2885 1163 2966 impediat,
1188 2893 1385 2966 quominus

175 3005 207 3062 et
225 2999 279 3063 Sol
298 2998 373 3061 illas
391 2992 538 3068 allicere,
568 3008 691 3075 uosque
719 3011 775 3058 eas
802 2996 925 3060 intueri
953 2997 1131 3076 pessimum
1159 2996 1383 3084 pbilosophis

176 3107 254 3186 ipsis
272 3105 566 3172 demonstrandum
585 3105 743 3185 relinquo.
762 3105 833 3186 Ego
852 3108 941 3169 enim
961 3106 1040 3169 dum
1058 3123 1179 3179 assero,
1191 3106 1303 3175 Lunae
1322 3131 1384 3180 su-

173 3216 341 3295 perficiem
353 3234 421 3278 esse
432 3234 593 3297 asperam,
608 3217 714 3280 instar
728 3216 917 3297 superficiei
933 3215 1057 3290 Terrae,
1072 3235 1132 3298 pro
1148 3217 1247 3285 Luna
1272 3225 1383 3290 lutei·

175 3327 245 3406 ligo
262 3342 382 3405 eorpus
401 3325 482 3388 illud
499 3345 557 3406 per
572 3346 606 3391 sc
626 3328 837 3391 tenebrosum
864 3331 964 3405 atque
987 3344 1144 3407 opacum,
1163 3331 1272 3410 quod,
1290 3352 1380 3401 cunr

178 3434 264 3499 Solis
275 3434 388 3499 lumen
399 3436 543 3517 recipere
560 3456 600 3500 ac
617 3438 770 3501 cohibere
785 3438 827 3499 sil
838 3440 968 3516 polens,
979 3437 1176 3514 illustratur,
1189 3457 1227 3504 ac
1241 3444 1382 3512 visibus

176 3546 298 3609 nostris
322 3546 511 3627 expeditum
530 3548 574 3611 ob
603 3547 701 3624 idque
721 3550 792 3607 tolo
810 3545 894 3607 coelo
912 3563 932 3608 a
950 3547 1116 3627 pellucido
1145 3555 1178 3613 et
1202 3551 1376 3621 invisibili

176 3660 296 3722 aelbcre
312 3658 357 3720 ibi
372 3658 572 3723 circumfuso
588 3656 767 3734 discrepat;
784 3654 881 3735 idque
895 3658 961 3720 tale
978 3675 997 3720 a
1012 3661 1106 3722 nobis
1121 3662 1230 3725 visum
1247 3681 1380 3748 corpus

176 3771 385 3844 eminentias,
403 3772 629 3847 cavitatesque
648 3767 854 3837 innumeras,
868 3768 899 3829 in
913 3770 1086 3850 superficie
1105 3771 1225 3834 babere
1244 3791 1378 3841 assero.

177 3881 220 3941 Al
236 3881 262 3941 si
277 3881 351 3960 quis
364 3897 423 3961 pro
439 3879 547 3951 Luna,
558 3893 626 3941 non
641 3892 761 3958 corpus
776 3877 859 3940 illud
874 3883 1002 3944 tuntum
1019 3881 1108 3959 quod
1124 3881 1295 3960 videmus,
1312 3888 1376 3951 sed

175 3989 537 4053 circabocinrisibilem
549 3984 714 4069 quandam
726 3990 911 4063 materiam,
922 3997 1021 4070 etque
1036 3991 1263 4072 imaginatam,
1277 4000 1378 4063 acci.

175 4116 252 4179 pere
268 4099 362 4170 velit;
379 4102 446 4180 ipsc
462 4099 562 4172 idom,
576 4116 638 4162 uec
654 4100 763 4164 minus
778 4100 1065 4176 irrationabiliter,
1085 4104 1221 4165 Terram
1233 4121 1376 4190 quoquo

175 4188 318 4289 perlecle
349 4209 540 4288 spbaericam
564 4210 676 4284 faciel,
704 4210 848 4273 vallibus
879 4209 968 4273 illius
1001 4218 1099 4293 atquc
1127 4215 1257 4278 lacunis
1289 4223 1374 4286 abre

175 4319 378 4384 circumfuso
405 4319 551 4399 repletis;
571 4324 732 4400 aereaque
766 4324 799 4381 et
829 4319 1025 4400 imaginaria
1043 4326 1218 4404 superficie
1236 4343 1297 4406 per
1316 4331 1374 4394 al·

176 4433 305 4497 tissima
332 4429 495 4494 montium
523 4431 654 4511 fastigia
684 4436 835 4506 extensa,
866 4433 986 4500 molem
1015 4441 1204 4500 terrestrem
1231 4454 1275 4500 ex
1302 4457 1372 4507 suo
