3304 5282
454 437 493 484 on
517 433 719 484 ruasousnro
742 433 772 482 m
794 433 873 482 onon
897 433 1001 488 sono,
1239 415 1304 482 293

136 579 256 646 nonnisi
274 578 312 640 in
331 577 405 656 ipne
423 574 555 655 reperiri
574 572 781 636 certissimam
799 579 853 635 cst.
876 569 967 646 Qvod
984 577 1096 634 ovtem'
1114 567 1231 633 Gaiam
1253 588 1310 632 ns·-

133 694 260 758 cessaric
288 692 530 768 corrompetur,
555 686 695 766 primvm
724 703 766 750 esc
794 703 829 748 co
859 691 992 757 constat,
1022 681 1107 764 qvod
1124 690 1168 746 est
1185 699 1311 764 corpvs,-

132 803 249 866 naitnm
266 807 377 864 autem
393 813 505 878 corpses
527 802 673 877 perpctno
698 802 840 859 constare
867 801 983 875 potest:
1012 792 1096 874 qnod
1121 798 1228 856 vatem
1257 793 1311 856 hoc

12 955 13 978 1
132 913 305 978 mccssario
322 911 393 992 fiat,
412 907 484 970 indo
498 913 600 987 patet,
618 905 702 987 quod
718 923 807 970 omns
827 922 939 987 corpas
957 923 998 968 ca
1015 903 1150 968 materia
1167 910 1196 966 et
1208 902 1313 984 tornea

12 1005 13 1048 ἶ
132 1023 340 1103 componitur:
351 1017 550 1100 qoodeveem
564 1033 605 1079 en
620 1017 667 1080 teis
686 1015 898 1097 componitur,
916 1013 1106 1078 dissolvatur
1122 1029 1241 1078 necesso
1256 1019 1313 1075 cst:

130 1133 226 1196 omnis
236 1131 324 1194 enim
340 1127 475 1191 materia
492 1133 537 1188 est
552 1127 694 1206 potentia
711 1125 753 1188 ad
769 1141 847 1196 esse,
867 1131 903 1188 vt
915 1121 1097 1189 Aristoteles
1110 1124 1141 1189 9.
1154 1123 1229 1188 Met.
1242 1131 1313 1186 sto-

132 1243 204 1314 toit;
221 1255 336 1320 qnare,
354 1245 384 1300 ct
400 1235 442 1300 ad
459 1253 524 1300 non
542 1251 615 1298 esec.
633 1233 740 1316 Neque
757 1253 881 1308 ccrvm,
899 1243 957 1300 ant
967 1233 1110 1316 possibile
1124 1243 1179 1307 en,
1193 1235 1312 1316 qvoda

132 1349 316 1433 paibrsrdam
335 1345 550 1427 Peripateticis
568 1345 610 1408 ad
627 1345 682 1408 teor
700 1343 1038 1427 evitandamoffertnn
1055 1342 1227 1408 distamen
1242 1362 1313 1407 mo-

133 1460 212 1524 teria
227 1457 357 1521 onerive
374 1456 508 1520 rationis
526 1461 669 1518 constare
686 1453 726 1517 ab
745 1455 793 1518 isis
812 1454 1034 1536 interioritas:
1052 1473 1118 1518 non
1135 1456 1220 1520 enim
1235 1454 1311 1536 piv-

131 1585 180 1632 res
195 1576 325 1649 poseant
344 1583 409 1630 esse
425 1567 537 1646 prima
551 1565 690 1628 materia
709 1564 838 1630 diverso
855 1567 1005 1638 rationis,
1037 1574 1073 1628 at
1101 1564 1175 1629 bene
1203 1567 1311 1646 oravit

133 1679 212 1744 Scot.
243 1677 275 1742 2.
307 1676 397 1742 Sem.
417 1676 486 1740 dist.
507 1675 558 1748 14,
578 1677 611 1750 9,
632 1675 662 1748 1,·
678 1674 774 1740 voiati
792 1693 848 1739 nec
863 1684 996 1757 possam
1013 1693 1076 1740 esso
1092 1676 1201 1756 ptores
1217 1677 1313 1757 primi

133 1791 304 1870 efficientes,
324 1795 384 1851 ant
399 1786 503 1868 piures
519 1787 616 1867 primi
634 1789 723 1870 pinos.
741 1785 873 1850 aitcrires
889 1795 920 1850 ct
937 1787 1066 1852 divorso
1084 1787 1229 1852 rationis.
1248 1785 1312 1850 Noc

134 1900 228 1980 monis
245 1915 359 1962 veram
377 1904 435 1969 est,
455 1895 539 1978 qood
556 1913 578 1959 a
596 1896 784 1977 quibasdam
801 1896 873 1960 otiis
890 1897 1083 1980 opirneotvr,
1103 1915 1166 1962 essc
1181 1899 1217 1960 in
1234 1895 1313 1960 doto

133 2009 301 2090 pvcmdam
318 2007 460 2089 ationem
475 2009 626 2089 immam,
645 2025 715 2088 parc
733 2025 856 2071 omnem
874 2010 1015 2073 materia
1029 2009 1202 2090 potentiam
1217 2015 1246 2070 et
1256 2025 1315 2088 op-

129 2121 261 2200 petitam
286 2117 427 2200 expirat:
455 2135 520 2181 non
538 2126 662 2200 propter
678 2119 866 2182 instantiam
882 2137 904 2183 c
923 2117 1015 2184 Svoto
1033 2119 1216 2184 ottocento
1234 2119 1315 2183 dicto

133 2229 209 2300 beo,
227 2246 300 2309 qna
317 2227 395 2291 mihi
413 2245 479 2290 non
497 2228 620 2292 videtvr
638 2230 807 2310 sufficiens,
824 2247 898 2293 cam
920 2229 1031 2296 nebrot
1059 2229 1100 2294 ob
1124 2230 1315 2294 adversariis

135 2337 274 2400 Mam
301 2337 546 2417 responsionem
575 2337 627 2400 sed
654 2357 702 2411 eo,
731 2341 822 2420 qnia,
852 2343 879 2403 si
904 2342 1008 2422 [orma
1038 2342 1102 2404 hoc
1123 2339 1198 2403 cote·
1216 2339 1315 2420 raptet

134 2465 262 2512 omnem
277 2449 444 2528 potentiam
460 2455 490 2510 ct
507 2450 679 2530 appetitam
696 2450 837 2513 materia
857 2449 944 2522 coti,
963 2459 992 2512 et
1010 2451 1074 2512 troc
1089 2451 1223 2514 materia
1240 2447 1315 2512 cote·

132 2565 181 2622 est
190 2556 330 2637 ejsudem
338 2557 469 2622 rationis
480 2575 553 2622 cvm
563 2561 696 2624 materia
707 2560 1029 2642 inanimatorum,
1042 2560 1316 2622 evitetiamctem·

134 2667 455 2750 tensidiiisotpsmnto
467 2668 669 2754 (prontost).·
681 2685 796 2751 paors,
817 2678 848 2733 et
868 2671 936 2752 eires
954 2671 1058 2751 sonnio
1076 2665 1316 2732 cmtcndetvrod

134 2781 200 2860 ejvs
211 2780 435 2852 escensionem,
445 2780 473 2842 si
483 2789 528 2843 cst
537 2782 642 2863 [croso
656 2781 834 2862 informans
846 2787 875 2843 et
887 2781 1090 2848 constituens.
1102 2783 1139 2840 at
1149 2781 1317 2858 svpporto-
1358 2858 1361 2868 Ι

136 2891 284 2956 tardam
294 2900 401 2955 annm
414 2890 483 2954 tatis
495 2891 599 2973 formo
610 2892 769 2955 contineat
779 2893 951 2954 eminenter
960 2891 1163 2972 perfectiones
1175 2887 1317 2951 omnivm

135 3003 311 3082 {mmarvm
326 3001 518 3083 inferiorum
532 3017 710 3082 corpoream,
734 3019 805 3082 qvo
823 3001 961 3082 quidem,
981 3003 1039 3065 etsi
1053 3001 1165 3080 specie,
1185 2999 1240 3060 noc
1260 3003 1314 3068 est,

138 3113 381 3184 innotnrosaa,
392 3117 467 3174 svnt
477 3111 587 3193 finito,
605 3118 709 3174 tannen
724 3127 866 3183 memoro,
882 3111 936 3174 icoc
953 3119 1008 3183 est,
1024 3111 1059 3172 in
1077 3107 1221 3180 materia,
1241 3115 1317 3169 svnt

140 3222 281 3304 infinito,
300 3239 374 3286 cam
401 3221 537 3285 neoterio
556 3239 596 3284 ev
614 3237 645 3283 sc
664 3221 732 3301 ipso
756 3237 820 3284 non
849 3222 890 3284 sit
911 3221 1018 3302 finita:
1037 3237 1137 3299 neqve
1154 3235 1195 3282 ea
1212 3219 1316 3300 [ormo

139 3332 180 3392 sit
197 3331 297 3413 pinita,
316 3349 390 3394 cnm
409 3329 479 3394 tatis
496 3331 600 3412 [ormo
619 3333 806 3395 immaterio
822 3331 919 3412 possit
936 3329 1139 3410 mnttipiicori
1153 3331 1189 3392 in
1206 3329 1318 3412 infini-

139 3451 221 3505 tam:
237 3449 401 3524 sequetur,
420 3459 507 3522 erpo,
523 3443 558 3504 in
578 3439 658 3505 oon
676 3449 751 3504 actv
768 3439 839 3503 dori
854 3439 980 3523 infinite
994 3439 1161 3504 individea
1174 3441 1316 3504 omnivm

135 3554 317 3633 specierum,
329 3569 367 3616 oc
379 3554 425 3615 ita
438 3551 555 3616 cotom
569 3553 674 3633 ipsvm
688 3567 752 3614 esse
767 3549 1068 3614 Omniseminarinm
1079 3549 1159 3614 itind
1175 3559 1204 3614 ct
1217 3549 1315 3614 discos

136 3661 355 3741 Anaxaporo,
376 3669 418 3724 tot
446 3661 621 3726 rationiins
643 3680 665 3724 a
693 3659 837 3742 Physicis
869 3660 1076 3740 consororem.
1096 3657 1185 3723 Addo
1207 3661 1315 3730 etiam,
1412 3683 1418 3696 ·

136 3771 219 3852 qaod
249 3773 312 3833 noc
340 3773 445 3852 sonno
476 3771 564 3846 cote,
584 3781 641 3834 cat
659 3781 705 3834 est
722 3779 853 3834 extensa
876 3769 919 3833 ad
946 3771 1160 3833 escensionem
1177 3771 1316 3834 moterio

136 3891 288 3963 pnmntec,
317 3891 347 3944 et
376 3891 451 3946 tnnc
481 3885 540 3946 crit
568 3882 730 3946 divisibilis
759 3891 787 3945 et
807 3869 1049 3962 'corruptibilisr
1077 3890 1134 3944 avt
1163 3899 1228 3946 non
1256 3881 1317 3942 erit

136 4001 280 4064 estense,
299 4001 328 4054 st
346 4001 422 4055 tvnc
440 4009 506 4055 non
525 3991 658 4074 ecptoon
687 4009 810 4055 omnem
839 3991 1010 4072 appetitam
1028 3991 1167 4054 materia
1184 4011 1194 4052 .·
1211 3991 1317 4070 [ormo

138 4105 217 4166 enim
235 4103 436 4167 indivisibilis
455 4123 520 4168 non
535 4111 632 4185 potest
654 4107 799 4186 perficere
818 4103 1027 4183 privationem
1048 4101 1158 4182 [ormo
1176 4098 1318 4164 divisibi-

139 4211 185 4284 tis,
205 4215 270 4276 nisi
288 4213 443 4287 dicamas,
463 4217 600 4296 [mmmm
628 4211 847 4278 indivisibilem
870 4229 933 4275 esse
956 4211 1156 4284 divisibilem:
1173 4209 1256 4292 qnod
1273 4219 1317 4273 est

140 4323 333 4404 impossibile,
354 4341 426 4387 cnm
444 4325 526 4388 dieat
544 4325 828 4388 contradictionem.
848 4321 957 4403 Nepae
975 4339 1047 4386 vero
1066 4337 1180 4401 copore
1201 4335 1314 4401 posso-

139 4451 202 4497 mvs
221 4439 305 4500 itanc
325 4438 574 4518 compositionem
589 4437 622 4498 in
640 4434 734 4507 Croto,
751 4441 786 4496 nt
805 4435 929 4513 nopovit
950 4429 1120 4506 Acerram:
1135 4451 1200 4495 non
1218 4429 1315 4493 solnm

138 4550 208 4622 poio
241 4547 362 4610 Cmivm
391 4548 565 4610 dimensnm
585 4555 627 4609 rot
651 4555 678 4608 et
699 4553 855 4626 peromnem
875 4543 974 4622 (meod
1002 4545 1068 4606 sine
1100 4539 1315 4620 compositione
