3096 5154
178 276 239 343 142
465 284 609 336 nomos
632 282 727 333 sesso
751 280 929 333 mosum
952 280 1065 332 susm

173 430 338 501 diseumt,
358 432 424 489 tam
440 429 528 488 recta
542 422 648 505 rorent
665 440 702 487 aa
716 423 899 506 perspicua,
916 428 954 485 ut
970 419 1027 486 loc
1043 432 1150 485 unsnn
1166 415 1382 484 euidentissi-

173 556 262 603 mum
279 542 325 599 est
347 538 441 614 atque
464 533 694 617 firmiseimum5
707 532 845 616 profecto
858 539 889 596 et
898 532 972 614 plus
990 528 1061 615 Μαι·
1074 526 1164 612 apud
1179 544 1248 593 nos
1263 537 1379 595 metus

173 654 268 723 esset,
284 650 314 708 et
332 641 420 708 nobis
434 661 515 725 pene
532 661 620 708 nonu
638 642 911 708 deusonstrationis
929 640 1065 707 laomen
1079 638 1275 705 ademisset.
1448 686 1453 723 ,

265 750 358 829 Quod
373 753 508 819 secando
527 752 591 819 loeo
603 754 841 836 prumittimus,
859 759 920 816 est:
937 754 973 817 in
990 758 1136 817 cetuna
1152 746 1274 815 Luna
1291 751 1382 834 peri-
1447 732 1450 737 ¹

171 865 287 950 pluria
308 881 405 946 qnam
431 864 585 938 omium,
609 865 690 940 siae,
721 870 757 927 ut
784 863 879 945 aiunt
908 861 1096 937 astronomi,
1126 858 1279 940 maai,
1306 859 1383 925 nul·
1447 862 1452 919 ἐ

176 978 222 1042 ios
249 973 401 1057 eiusmodi
435 980 556 1038 montes
591 974 739 1057 reperiri·
768 972 806 1038 od
835 990 905 1038 eam
932 970 1047 1038 scilieet
1075 968 1263 1048 rationem,
1297 970 1381 1054 quod
1447 984 1453 1025 t

176 1083 266 1150 mulla
300 1101 357 1149 nos
392 1084 495 1157 ratio,
528 1082 635 1147 nullus
664 1089 826 1166 aspectus,
857 1081 982 1147 nullum
1008 1083 1253 1165 pianomsnon
1291 1089 1381 1165 aoqat
1447 1064 1451 1091 ¹

175 1192 210 1259 id
231 1211 380 1260 asserere.
408 1191 483 1259 Sive
512 1195 596 1257 enim
620 1191 687 1258 sola
717 1195 888 1276 nativaque
920 1192 1084 1259 oculorum
1112 1192 1200 1267 aeis,
1223 1194 1301 1259 sios
1323 1211 1380 1276 per
1448 1174 1454 1277 ξ

176 1304 426 1388 tubospeeillum,
445 1312 622 1370 extremum
640 1303 764 1369 lunaris
783 1303 863 1386 qlobi
881 1305 1049 1378 circulum,
1074 1318 1150 1368 eum
1172 1303 1284 1385 pleno
1305 1304 1380 1369 nitet
1449 1294 1455 1373 ’ζ

176 1415 310 1491 lumine,
340 1415 570 1497 diliqentissime
599 1415 815 1495 contemplere,
844 1415 926 1480 nilsil
949 1417 987 1480 in
1018 1433 1054 1481 eo
1082 1413 1251 1490 eminens,
1284 1414 1383 1481 ntnit-
1449 1400 1455 1421 ⁰

177 1543 237 1608 que
270 1525 434 1590 dentatum
469 1542 508 1590 ae
543 1532 700 1590 serratum
730 1526 908 1607 comperies.
942 1524 1126 1609 Apparent,
1159 1532 1200 1590 ut
1233 1526 1384 1593 usundi-

176 1654 260 1714 mus,
279 1639 316 1703 in
333 1655 371 1702 ea
387 1634 488 1701 Lanu
505 1635 601 1718 facie,
631 1651 702 1717 quu
733 1642 834 1700 terras
860 1637 985 1719 aspicit,
1017 1634 1177 1700 tenerur
1204 1644 1263 1701 est
1282 1638 1384 1719 iqn‘tsr

175 1752 272 1824 ratio,
292 1765 352 1814 aar
370 1764 427 1810 nos
445 1744 525 1810 inibi
541 1762 590 1810 eos
610 1762 674 1809 esse
691 1746 891 1827 afflmnemus.
909 1745 983 1813 Non
997 1751 1151 1829 apparent
1170 1747 1210 1811 in
1228 1754 1385 1814 extrema

174 1856 374 1941 peripteris?
395 1872 460 1918 non
489 1863 533 1919 est
560 1855 661 1935 iqitur
687 1856 785 1928 ratio,
815 1873 874 1920 our
891 1874 941 1920 eos
964 1855 1045 1921 inibi
1066 1872 1130 1919 esse
1159 1855 1387 1938 affirrnemusr

178 1966 297 2031 camsi
315 1963 526 2035 initiassent,
545 1963 634 2027 nulla
654 1964 809 2046 sufficiens
831 1966 915 2030 ratio
934 1964 1110 2048 prohibeat,
1129 1966 1215 2047 quin
1237 1984 1387 2051 apparo·

178 2082 261 2141 rent.
283 2072 322 2137 Ut
340 2072 418 2154 quid
436 2073 534 2145 enim,
552 2080 588 2136 ut
606 2090 678 2137 eum
692 2074 879 2158 pnitosopnis
899 2075 1026 2158 loquar,
1049 2078 1116 2141 sine
1137 2093 1219 2141 sera
1236 2080 1387 2144 nscessi-
1452 2110 1458 2157 ς

181 2192 245 2249 tate
255 2184 342 2247 entia
354 2190 509 2264 tanquam
525 2189 613 2247 certa
628 2183 834 2268 multiplices?
850 2184 895 2252 In
912 2187 968 2251 leco
988 2186 1092 2269 lapsus
1111 2193 1173 2263 est,
1190 2188 1231 2251 ni
1246 2191 1387 2273 nosipsi

182 2294 328 2368 labimur,
347 2292 542 2358 doctissimus
559 2293 610 2361 oir
628 2291 782 2372 Galileuse
799 2297 892 2380 quod,
912 2297 1007 2362 nullis
1020 2299 1186 2367 rationum
1204 2302 1387 2366 momentis
1456 2346 1458 2351 -

181 2415 320 2485 coactm,
349 2406 493 2471 lunarem
514 2405 669 2489 cpiarum
692 2415 859 2474 montuosa
883 2410 1043 2494 superficie
1069 2406 1295 2491 undequaque
1322 2414 1389 2478 eir·

181 2518 369 2585 cumamlriri
397 2517 539 2583 coluerit.
567 2516 703 2600 Itaque,
727 2521 763 2582 in
788 2521 947 2584 maximas
966 2517 1185 2602 difficultatum
1204 2525 1388 2603 anqssstias
1456 2580 1458 2587 .

182 2633 360 2714 conjectus,
390 2646 428 2691 ea
444 2627 628 2707 respondere
646 2636 779 2691 conatus
798 2636 856 2702 est,
885 2648 955 2710 qua
978 2649 1049 2694 eum
1070 2631 1171 2712 maqis
1188 2631 1229 2694 in
1248 2630 1388 2716 laqueat

182 2740 337 2807 inducam
373 2753 470 2818 quam
498 2742 631 2799 eauant.
669 2735 717 2801 Aa
746 2754 802 2801 nos
830 2740 891 2822 ipsi
920 2740 1082 2822 multiplea
1114 2758 1152 2805 ac
1191 2745 1390 2811 maximm

183 2850 347 2916 rationum
364 2863 492 2928 aqmem
518 2843 604 2909 brem
632 2847 767 2928 quodam
795 2852 1059 2925 communionum,
1089 2853 1252 2917 memorio
1282 2865 1389 2940 atque

184 2961 419 3028 exercitationis
437 2958 552 3040 qratia,
572 2957 793 3039 explicuimus,
812 2981 874 3042 quo
892 2962 961 3043 equs
978 2964 1117 3027 rationes
1134 2961 1334 3044 labefactari
1350 2985 1389 3032 ae

182 3076 346 3157 profliqari
365 3088 486 3136 necesse
501 3079 556 3135 est.
580 3069 683 3133 Unam
701 3089 787 3134 nuno
807 3080 931 3138 tantum
949 3076 1118 3146 rationem,
1145 3091 1215 3154 quoe
1233 3080 1389 3142 maxime

186 3184 228 3247 ad
245 3186 425 3246 institutum
445 3192 587 3248 nostrum
603 3184 707 3264 secere
726 3182 864 3258 videtur,
883 3186 918 3248 in
935 3204 1007 3248 eum
1030 3186 1262 3266 expromimus5
1284 3190 1389 3270 oerjus

187 3296 285 3358 ictum
303 3310 488 3372 quoeunque
508 3294 632 3357 tandm
649 3312 680 3357 se
700 3294 803 3377 clypeo
826 3294 936 3376 clepet,
961 3297 1077 3360 evitare
1097 3315 1162 3359 uon
1176 3298 1306 3377 poterit.
1328 3284 1389 3369 Ea

187 3403 315 3474 est:si,
340 3403 461 3484 etipse
491 3400 627 3467 Galileus
658 3409 785 3480 asserit,
816 3407 977 3469 mouimus
1006 3423 1043 3469 ae
1068 3414 1244 3487 postremus
1276 3407 1388 3475 Luna

188 3513 324 3580 circulus
342 3512 499 3577 montibus
517 3523 700 3588 serenatur,
717 3516 807 3578 nulla
822 3534 951 3597 prorsus
966 3525 1010 3580 est
1028 3517 1112 3580 illius
1135 3516 1387 3595 demonstratio,

189 3645 254 3709 qua
272 3644 303 3689 se
318 3634 411 3706 putat
430 3626 594 3688 lunarium
611 3626 766 3687 montium
783 3625 983 3692 altitudinem
1000 3630 1161 3710 reperisse.
1180 3626 1274 3704 Ossaei
1293 3631 1390 3696 cobis

192 3738 309 3822 liquido
328 3734 492 3810 constabit,
505 3730 683 3807 Auditeres,
699 3733 754 3798 ubi
769 3737 910 3816 primum
925 3746 1066 3802 nostram
1081 3739 1390 3804 desnonstretionem

190 3849 449 3932 explicuerimus
488 3849 595 3911 statim
633 3848 717 3911 enim
751 3847 906 3914 corollarii
944 3850 1007 3914 loco
1048 3852 1212 3932 efficiemus
1245 3858 1285 3913 ut
1320 3869 1390 3934 ap-

186 3968 320 4041 pareat,
349 3956 408 4022 sel
444 3953 553 4022 Galilei
582 3960 843 4026 deenomtratione
868 3970 1043 4028 tortuosam
1072 3962 1206 4043 fallacie
1239 3978 1387 4043 aequem

192 4073 325 4138 latitare.

282 4184 434 4258 Tertium,
453 4184 535 4265 quod
548 4186 776 4266 promittimus,
787 4185 820 4249 id
834 4192 894 4248 est:
910 4201 966 4247 nos
986 4184 1130 4251 lunarem
1148 4185 1272 4266 qlobum
1283 4191 1388 4268 quasi

187 4297 358 4378 perfectam
375 4297 542 4376 sptuerem,
563 4304 598 4359 ut
620 4296 747 4375 antiqui
769 4297 939 4359 astronomi
969 4296 1238 4368 demonstrarunt,
1268 4301 1386 4365 animo

109 4460 112 4465 ,
191 4409 362 4490 concipere,
382 4406 473 4485 eujus
492 4408 679 4487 sphericum
696 4424 807 4488 eorpus
827 4407 932 4473 eedem
951 4409 1159 4488 undequaque
1179 4408 1386 4475 semidiame-
