3096 5154
178 253 221 321 88
578 263 806 314 tenerorum
825 261 952 313 ametur

1428 64 1435 117 l

1430 120 1435 159 r

263 409 324 474 ilie
344 402 628 479 undeolma‚bora
644 401 762 485 prima,
779 401 918 467 aderant
934 394 1121 463 oboriente
1139 392 1269 463 stoue
1286 394 1377 473 dun,

176 524 210 587 at
223 534 292 585 una
305 515 348 579 ab
360 528 492 579 occasu
506 511 655 579 illatabat
669 510 884 576 occidentalia
896 527 919 575 a
931 505 1108 575 loremln.
1121 503 1167 569 l:
1189 506 1376 573 orientalia

181 712 260 800 or.
480 706 523 796 le
676 706 720 795 a
811 658 913 871 (qb
1005 702 1049 792 ee
1257 704 1372 798 000.

176 942 318 1009 vicinior
344 943 458 1009 aberat
484 944 607 1026 pariter
632 942 753 1008 adore
769 942 850 1007 min.
865 939 902 1004 lx
921 936 1115 1005 orientallor
1130 953 1222 1003 vero
1241 938 1291 1004 ab
1311 937 1376 1004 bao

177 1054 319 1118 distabat
335 1055 415 1119 min.
433 1051 476 1117 8:
494 1058 589 1118 erant
606 1053 685 1117 eatis
703 1052 899 1135 perspicuae,
917 1054 950 1116 et
967 1049 1001 1114 iu
1023 1047 1139 1113 eadam
1157 1051 1276 1113 ηοω.
1309 1048 1376 1116 Sed

175 1162 259 1226 bora
276 1162 388 1238 tertia,
406 1162 508 1228 Stella
520 1166 640 1244 quarta
657 1161 732 1227 lori
749 1159 901 1242 proxima
918 1160 960 1225 ab
976 1157 1103 1224 oriente
1118 1156 1197 1223 vlaa
1222 1163 1295 1237 eat,
1319 1177 1377 1225 re·

183 1357 260 1454 Or.
430 1354 607 1443 aa
744 1314 1016 1520 *Q*
1256 1354 1373 1449 ooc.

1442 1452 1448 1545 ¹.

176 1585 274 1669 liquis
289 1586 413 1662 minor,
431 1603 453 1651 a
468 1584 551 1651 Jove
568 1584 682 1650 dissita
698 1583 853 1668 permin.
872 1582 975 1648 osee.
994 1579 1100 1658 ittet
1119 1584 1262 1648 areola
1282 1583 1376 1649 lium
1445 1586 1449 1639 l

174 1717 233 1781 per
243 1699 386 1781 reliquae
397 1696 516 1762 Stellae
524 1698 692 1777 protracta
710 1693 878 1760 modicum
897 1693 933 1758 in
949 1691 1146 1774 Aquilonem
1163 1688 1378 1769 delleotenm

174 1807 443 1891 splendidissima
472 1809 567 1869 erant
594 1821 723 1878 omnen,
751 1821 791 1868 ae
822 1804 919 1868 valde
946 1801 1144 1884 eonspioum.
1167 1798 1274 1868 Hora
1292 1820 1379 1869 vero

48 1936 52 1943 ’
175 1916 292 1996 quinta
305 1930 383 1977 eum
398 1911 544 1987 dimidia,
557 1913 629 1994 jam
646 1912 741 1976 atella
758 1912 942 1987 orientalis,
958 1912 1034 1977 lovi
1051 1909 1223 1993 proxima,
1244 1914 1297 1979 ab
1317 1914 1380 1980 illo

176 2021 332 2086 remotior
348 2021 458 2096 lacta,
475 2021 621 2087 medium
649 2021 735 2086 inter
764 2023 887 2106 ipsum,
904 2025 938 2086 et
956 2021 1091 2089 Stellam
1108 2020 1380 2091 orientaliomm

177 2133 241 2196 sibi
255 2131 484 2212 propinquam,
499 2130 666 2196 obtinebat
680 2133 810 2210 loeum;
824 2137 981 2215 erantque
995 2147 1110 2197 omnes
1120 2131 1154 2195 in
1165 2131 1300 2199 eadem
1322 2153 1381 2202 ro·

177 2245 233 2304 ota
249 2239 337 2304 liuea
355 2238 398 2304 ad
414 2257 573 2323 unguem,
591 2246 625 2307 et
640 2241 790 2326 eiusdem
806 2242 1059 2327 magnitudinis,
1075 2247 1115 2308 ut
1139 2240 1176 2305 in
1204 2247 1379 2327 apposita

178 2347 395 2431 descriptione
412 2349 525 2417 videre
542 2352 633 2419 licet:

181 2544 262 2637 Or.
450 2544 494 2631 a
615 2509 874 2711 ΜΘ
1009 2546 1050 2636 ite
1246 2547 1373 2644 Oce.

266 2765 325 2834 Dia
335 2766 542 2846 duodecima,
562 2770 644 2835 bora
659 2770 680 2835 0
695 2771 774 2835 min.
790 2770 844 2848 lo,
864 2771 974 2839 Stella
991 2774 1077 2838 binae
1095 2772 1137 2837 ab
1154 2775 1252 2849 ortu,
1270 2775 1374 2845 bina

119 2895 120 2898 ¹
178 2877 300 2962 pariter
317 2879 359 2944 ab
377 2894 497 2943 occasu
515 2879 699 2946 adstabant.
718 2879 895 2949 Orientalie
910 2885 1067 2948 remotior
1082 2901 1101 2948 a
1116 2883 1198 2948 Jove
1212 2882 1375 2955 distabat

178 2992 256 3057 min.
278 2990 330 3068 10,
348 2989 557 3074 longinquior
574 3008 654 3056 vero
671 2992 884 3058 occidentalis
905 2996 1019 3059 aberat
1036 2993 1117 3056 min.
1135 2990 1168 3071 8,
1195 3001 1374 3079 erantque

184 3187 263 3275 ur.
507 3186 562 3299 epe
698 3145 845 3354 *Θ
872 3188 914 3275 e
1244 3189 1368 3286 000.

180 3412 284 3476 ambae
303 3410 382 3475 satis
398 3413 597 3495 conspicuae,
626 3416 759 3496 reliqua
778 3415 852 3480 duae
871 3414 946 3480 Jovi
964 3419 1059 3480 erant
1073 3414 1307 3494 vicinissimae,
1329 3429 1369 3487 et

180 3521 357 3585 admodum
376 3522 518 3604 exigua,
535 3526 718 3604 prasertim
735 3525 921 3599 orientalis,
949 3543 1021 3605 quae
1050 3543 1070 3590 a
1098 3526 1181 3590 Jove
1210 3525 1368 3597 distabat

179 3631 259 3695 min.
277 3631 298 3693 o
316 3648 378 3694 sec.
396 3630 450 3707 lo,
470 3632 684 3696 occidentalis
700 3650 779 3696 vero
797 3635 878 3697 min.
896 3633 925 3697 1.
939 3635 1029 3700 Hora
1040 3641 1259 3717 veroquarta,
1271 3637 1368 3706 Stel·

179 3742 263 3818 lula‚
280 3759 353 3823 qua¹
375 3741 449 3807 lovi
472 3746 542 3806 erat
569 3742 719 3824 proxima
750 3762 792 3808 ex
820 3745 960 3822 oriente,
990 3747 1131 3828 amplius
1155 3764 1221 3810 uon
1246 3765 1360 3830 appa-

112 3893 117 3903 ·
180 3854 281 3917 rebat.

266 3963 324 4029 Die
354 3962 593 4042 deeimatertia,
610 3965 694 4029 bora
711 3966 731 4030 0
751 3968 829 4032 min.
860 3966 913 4046 30,
932 3968 1005 4032 duae
1026 3967 1135 4035 Stella
1154 3969 1365 4051 apparebant

184 4150 263 4241 οι».
479 4113 783 4317 *³1th
876 4153 1005 4268 lap
1245 4156 1358 4253 000.

180 4370 220 4432 ab
238 4372 329 4448 ortu,
347 4370 419 4436 duee
438 4372 570 4455 insuper
589 4373 629 4438 ab
649 4389 777 4440 occasu.
799 4371 975 4445 Orientalis
993 4397 1031 4442 ae
1049 4377 1123 4441 lovi
1140 4378 1283 4441 vicinior
1299 4396 1360 4443 sa-
