3096 5154
179 265 222 329 78
583 274 809 325 ASTRONOHICUS
830 276 956 325 111111111ΰῦ

178 416 417 487 astronomico,
436 412 582 477 directus
599 414 698 490 toret,
718 430 756 478 rc
778 418 950 496 propterea
972 416 1067 479 motu
1086 410 1236 496 proprio
1259 408 1382 479 Stellas

173 531 249 593 illus
263 522 502 588 antevertisset.
520 520 729 605 Quapropter
742 523 893 588 maximo
903 540 981 588 cnm
992 522 1158 588 desiderio
1170 528 1381 605 sequentem

176 634 350 716 expectavi
378 638 524 707 noctem;
552 649 670 697 verum
700 651 721 697 a
751 650 808 715 spe
824 633 1004 699 frustratus
1021 632 1087 710 lui,
1104 632 1269 701 nubibus
1289 635 1380 699 enim

181 743 400 825 undequaque
417 744 598 809 obductum
615 743 681 808 luit
697 744 830 808 crolum.

268 856 312 920 rit
330 854 383 919 die
401 853 530 919 decima
549 859 773 935 apparuerunt
792 853 900 919 Stellae
922 855 957 918 in
976 851 1142 935 ejusmodi
1171 852 1221 918 ad
1255 854 1379 920 lovem

183 965 306 1050 positu:
324 965 398 1029 duae
416 965 505 1030 enim
521 969 669 1040 tantum,
686 968 720 1029 et
737 964 913 1029 orientales
930 964 1050 1037 ambe,
1072 962 1238 1042 aderant;
1258 967 1379 1041 tertia,

184 1086 222 1143 ut
251 1077 404 1159 opinatus
432 1076 496 1151 lui,
517 1075 579 1139 sub
596 1074 678 1140 Jove
695 1073 858 1138 latitante.
875 1072 980 1139 Erant
995 1072 1119 1156 puriter
1134 1072 1256 1138 veluti
1278 1082 1381 1141 antea

191 1325 270 1413 or.
610 1312 654 1397 r
688 1311 730 1397 r
761 1270 863 1477 (nd
1259 1320 1374 1413 000.

180 1599 214 1662 in
231 1598 346 1665 eadem
365 1602 455 1662 recta
472 1611 551 1661 cum
567 1594 664 1670 Jove,
684 1609 722 1655 ac
737 1590 836 1675 juxta
856 1587 988 1654 Zodiaci
1011 1584 1266 1669 longitudinem
1295 1588 1382 1653 ada-
1449 1658 1453 1671 ,

181 1710 320 1775 mussim
339 1708 468 1772 locatae.
487 1705 565 1769 liceo
585 1720 663 1767 cum
679 1702 854 1774 vidissem,
871 1717 1014 1781 cumque
1033 1696 1241 1763 mutationes
1260 1699 1385 1765 consi·

180 1820 275 1883 miles
292 1820 328 1881 in
350 1817 432 1881 love
459 1816 553 1878 nulla
581 1814 708 1877 ratione
737 1815 851 1894 reponi
879 1828 972 1895 posse
1000 1808 1239 1890 intelligerem,
1278 1817 1386 1895 atque
1453 1866 1455 1901 r

186 1930 321 2007 insuper
339 1928 503 2005 spectatas
526 1922 644 1988 Stellas
672 1939 800 2003 semper
826 1921 959 1986 easdam
985 1920 1086 1985 inisse
1113 1933 1384 2000 cognoscerem,

185 2034 303 2121 (nullae
318 2033 408 2097 enim
428 2032 517 2105 aliae,
529 2037 588 2097 ant
598 2030 834 2114 praecedentes,
853 2036 911 2093 aut
928 2032 1176 2111 consequentes,
1190 2026 1294 2093 intra
1305 2046 1387 2095 ma-

185 2162 289 2227 gnum
322 2141 533 2207 intervallum
558 2140 657 2223 juxta
686 2140 925 2224 longitudinem
953 2136 1086 2203 Zodiaci
1116 2135 1280 2225 aderaut)
1306 2138 1387 2220 jam

185 2252 436 2333 ambiguitatem
453 2252 488 2316 in
503 2251 754 2317 admirationem
769 2255 975 2333 permutans,
987 2253 1201 2332 apparentem
1212 2264 1387 2315 commu·

186 2363 360 2439 tationem,
382 2380 450 2428 non
473 2363 507 2427 in
524 2363 621 2438 Jove,
644 2361 700 2427 sed
722 2363 757 2426 in
780 2361 889 2426 Stellis
907 2360 1073 2425 adnotatis
1091 2356 1281 2439 repositam
1308 2378 1387 2426 esse

186 2476 393 2558 comperi;ac
404 2474 541 2556 proinde
552 2475 697 2546 oculato,
710 2478 743 2535 et
754 2472 944 2551 scrupulose
958 2471 1064 2552 magis
1082 2468 1238 2549 deinceps
1258 2469 1388 2538 obser-

188 2586 338 2648 vandum
353 2585 424 2646 iore
442 2600 515 2645 sum
534 2588 636 2644 ratus.

277 2692 336 2754 ilie
346 2691 456 2771 itaque
466 2688 642 2752 undecima
652 2687 851 2768 eiuscemodi
866 2690 1135 2755 constitutionem
1149 2686 1234 2753 vidi:
1253 2688 1388 2759 Stellas

189 2801 314 2867 scilicet
331 2803 463 2865 tanturn
480 2799 563 2863 duas
581 2799 769 2874 orientales;
788 2818 930 2882 quarum
948 2802 1057 2868 media
1074 2802 1173 2883 triplo
1187 2800 1348 2873 distabat
1363 2825 1387 2871 a

193 3018 272 3107 or.
552 3006 677 3127 gr*
758 2966 859 3173 (nd
1258 3016 1382 3112 occ.

190 3274 284 3348 love,
302 3291 401 3354 quarn
421 3274 462 3337 ab
481 3275 699 3347 orientaliori,
717 3278 852 3355 eratque
864 3273 1056 3340 orientalior
1068 3272 1169 3356 duplo
1181 3271 1246 3334 iere
1259 3274 1384 3356 major

189 3390 408 3471 reliqua,cum
420 3394 530 3452 tamen
540 3386 744 3452 antecedenti
755 3393 851 3451 nocte
863 3386 1004 3467 aequales
1015 3386 1117 3450 ferme
1129 3381 1383 3465 apparuissent.

189 3502 356 3566 Statutum
368 3499 456 3574 ideo,
468 3498 622 3577 omnique
634 3497 748 3576 procul
760 3497 860 3561 dubio
872 3516 891 3560 a
904 3515 955 3562 mo
967 3499 1137 3562 decretum
1156 3495 1236 3567 luit,
1256 3498 1330 3557 tres
1343 3496 1382 3560 in

188 3609 285 3673 Coelis
302 3612 413 3674 adesse
433 3609 550 3673 Stellas
567 3609 726 3685 vagantes
744 3607 832 3671 eirca
846 3608 978 3684 lovem,
991 3611 1094 3673 instar
1105 3605 1255 3677 Veneris,
1269 3610 1381 3686 atque

190 3717 346 3783 ⁴llereurii
356 3721 446 3783 circa
458 3718 580 3783 Solem:
592 3715 678 3796 quod
690 3716 821 3779 tandem
832 3719 905 3782 luce
917 3720 1100 3784 meridiana
1112 3717 1235 3781 clarius
1247 3715 1281 3777 in
1294 3716 1381 3782 aliis

189 3830 396 3906 postmodnm
406 3829 631 3909 compluribus
652 3827 907 3909 inspectionibus
928 3831 1141 3895 observatum
1161 3833 1222 3891 est:
1243 3843 1282 3887 ac
1301 3843 1379 3893 uon

191 3939 320 3998 tantum
340 3944 419 4010 tres,
434 3955 551 3999 rernm
569 3944 712 4016 quatuor
730 3955 799 4001 esse
817 3957 903 4018 vaga
922 3940 1034 4005 Sidera
1052 3942 1140 4004 circa
1161 3940 1276 4003 lovem
1292 3954 1380 4004 suas

189 4045 504 4109 circumvolutiones
512 4046 682 4119 obeuntia;
692 4066 835 4128 quorum
846 4053 1112 4125 permutationes,
1124 4049 1275 4114 exactius
1286 4065 1378 4111 con-

190 4159 362 4235 sequenter
372 4155 577 4225 olrsersatas,
592 4156 792 4236 subsequens
806 4156 955 4219 narratio
966 4160 1178 4233 ministrabit;
1190 4158 1376 4223 interstitia

188 4283 319 4348 qnoque
339 4265 424 4327 inter
443 4266 513 4347 ipsa
530 4282 588 4345 per
608 4264 851 4345 Perspieillunr,
870 4269 1018 4348 superius
1036 4270 1197 4350 explicata
1223 4269 1373 4341 ratione,

191 4380 359 4443 dimetilus
377 4394 464 4442 sum:
483 4377 580 4439 lroras
610 4376 740 4457 iusuper
770 4376 1052 4447 observationum.
1081 4383 1261 4459 presertim
1292 4400 1373 4444 eum
