3096 5154
338 596 851 701 lsraouourdus
911 542 1199 698 nuncius

674 941 873 967 ..ηομ-

270 1579 423 1716 Magna
444 1631 598 1714 equidem
627 1631 661 1695 in
690 1631 751 1695 bac
780 1633 904 1714 exigua
932 1631 1135 1697 tractatione
1162 1632 1301 1715 singulis
1330 1633 1370 1695 de

177 1754 300 1814 natura
328 1743 576 1828 speculantibus
609 1743 814 1824 inspicienda
851 1742 1172 1824 contemplandoque
1210 1761 1371 1826 propono.

181 1859 321 1941 Magna,
340 1857 495 1936 iuquam,
512 1858 585 1920 tum
602 1854 644 1918 ob
663 1855 709 1917 rei
730 1853 833 1934 ipsius
851 1854 1094 1935 praestantiam,
1112 1858 1185 1918 tum
1207 1855 1250 1917 ob
1272 1852 1370 1916 inau-

182 1970 287 2033 ditam
303 1984 362 2048 per
380 1981 491 2030 aevum
509 1964 709 2039 novitatem,
728 1970 800 2029 tum
815 1965 918 2029 etiam
928 1968 1062 2046 propter
1072 1961 1259 2046 Organum,
1275 1963 1373 2046 cujua

182 2077 344 2141 beneficio
361 2076 478 2140 eadem
495 2075 607 2139 sensui
624 2080 738 2139 nostro
756 2075 891 2139 obviam
910 2090 980 2138 sese
996 2074 1156 2140 lecerunt.

269 2183 432 2264 Magnum
449 2201 529 2248 sane
547 2188 597 2247 est
616 2201 717 2265 supra
730 2201 943 2250 numerosam
958 2186 1179 2252 inerrantium
1195 2184 1374 2251 Stellarum

186 2291 450 2366 multitudinem,
471 2308 547 2371 quae
565 2294 713 2355 naturali
729 2295 887 2357 facultate
905 2294 941 2356 in
958 2294 1047 2358 hunc
1064 2312 1170 2375 usque
1186 2296 1276 2360 diem
1291 2312 1374 2360 con-

184 2403 266 2485 spici
285 2404 480 2484 potuerunt,
496 2401 581 2464 alias
603 2401 795 2465 innumeras
825 2402 1060 2483 superaddere,
1076 2405 1247 2484 oculisque
1265 2405 1376 2485 palam

183 2529 363 2599 exponere,
392 2510 533 2574 antebac
563 2516 757 2592 conspectas
786 2527 974 2593 nunquam,
1009 2515 1042 2576 et
1074 2526 1148 2593 que
1174 2517 1305 2577 veteres
1337 2530 1376 2576 ac

182 2627 279 2691 notas
296 2622 473 2704 plusquam
490 2634 592 2703 supra
610 2620 786 2702 decuplam
804 2622 1088 2703 multiplicitatem
1105 2629 1270 2704 superent.

273 2733 555 2809 Pulcherrimum,
571 2737 671 2814 atque
689 2732 766 2797 visu
778 2731 1062 2814 iucundissimum
1084 2737 1148 2809 est,
1166 2733 1283 2799 lunare
1302 2753 1379 2799 cor-

187 2863 248 2928 pus
264 2862 324 2926 per
342 2860 402 2909 sex
419 2844 523 2909 denas
543 2844 610 2908 lere
632 2848 808 2908 terrestres
831 2843 1092 2928 semidiametros
1113 2861 1135 2909 a
1155 2845 1250 2910 nobis
1268 2860 1380 2909 remo-

186 2963 276 3032 tum,
294 2962 365 3020 tam
384 2974 428 3020 ex
445 2957 633 3037 propinquo
649 2956 789 3030 intueri,
807 2972 845 3019 ac
863 2958 892 3021 si
909 2973 969 3038 per
985 2956 1070 3020 duas
1092 2959 1225 3019 tantum
1247 2953 1381 3017 easdem

185 3066 405 3130 dimensiones
434 3066 587 3142 distaret;
611 3065 696 3131 adeo
712 3072 751 3131 ut
768 3067 919 3149 eJusdem
941 3067 1044 3133 Lnnae
1066 3066 1230 3131 diameter
1250 3065 1382 3130 vicibus

183 3177 279 3258 quasi
306 3177 469 3252 terdenis,
497 3176 688 3259 superficies
715 3195 796 3243 vero
824 3180 1060 3261 noningentis,
1094 3178 1239 3243 solidum
1267 3181 1382 3243 autem

187 3308 307 3373 corpus
321 3291 451 3357 vicibus
464 3291 616 3373 proxime
633 3292 756 3373 viginti
773 3296 898 3373 septem
912 3291 1062 3356 millibus
1078 3289 1190 3372 majus
1206 3293 1382 3371 appareat,

183 3420 285 3485 qnam
315 3403 395 3468 dum
423 3402 528 3467 libera
556 3407 689 3467 tantum
718 3404 901 3468 oculorum
927 3402 1000 3466 acie
1031 3405 1213 3484 spectatur:
1243 3415 1288 3462 ex
1316 3413 1384 3478 qno

186 3515 304 3579 deinde
324 3518 456 3580 sensata
473 3515 673 3581 certitudine
687 3515 851 3596 quispiam
866 3513 1044 3595 intelligat,
1060 3512 1192 3578 Lunam
1207 3507 1384 3592 superficie

185 3625 251 3690 leni
273 3630 306 3690 ct
335 3625 498 3707 perpolita
516 3640 728 3707 nequaqnam
746 3642 816 3690 esse
833 3624 1004 3700 indutam,
1022 3624 1079 3689 sed
1098 3639 1216 3705 aspera
1238 3624 1273 3684 et
1298 3619 1383 3682 inae-

185 3735 294 3816 quali,
314 3753 353 3800 ac
371 3735 477 3800 veluti
496 3737 667 3818 ipsiusmet
685 3737 827 3801 Telluris
845 3737 960 3811 iacies,
978 3736 1168 3818 ingentibus
1180 3729 1384 3799 tumoribus,

114 3874 117 3879 ·
185 3847 359 3929 profundis
394 3848 523 3911 lacunis
561 3853 660 3928 atque
695 3849 901 3913 anfractibus
938 3849 1160 3931 undequaque
1195 3843 1385 3909 consertam

188 3959 339 4023 existere.
471 3968 482 3974 ·

275 4069 518 4134 Altercationes
544 4071 678 4153 insuper
701 4070 742 4135 de
765 4067 923 4147 Galaxia,
943 4089 1000 4137 seu
1032 4072 1073 4137 de
1102 4070 1228 4135 Lactoo
1259 4061 1387 4128 circulo

190 4180 396 4256 substulisse,
413 4181 549 4264 eiusque
568 4184 744 4248 essentiam
762 4182 889 4259 sensui,
907 4183 1031 4249 nedum
1049 4177 1258 4250 intellectui,
1277 4166 1388 4236 mani-

191 4291 338 4367 festasse,
358 4294 454 4374 parvi
472 4295 632 4358 momenti
654 4295 913 4361 existimandum
943 4297 1081 4362 minime
1110 4291 1267 4359 videtum
1296 4281 1389 4342 ¹⁰⁵⁰·

191 4419 313 4482 perque
332 4405 548 4471 substantiam
568 4407 759 4484 Stellarum,
777 4425 859 4489 quas
878 4409 1055 4476 nebulosas
1072 4407 1256 4479 bucusque
1275 4389 1391 4450 llstro·
