3304 5282
316 419 381 486 326
701 433 804 483 saeros
826 431 932 482 cases
954 434 994 481 es
1016 430 1115 480 asem

316 581 346 637 et
362 575 399 637 in
415 587 533 654 moqno
549 572 646 634 etiam
662 572 837 655 superficiei
862 577 977 654 porte:
998 576 1117 639 mmen,
1135 565 1229 628 etiam
1245 561 1412 628 meandum
1429 561 1496 628 das

310 689 433 764 portes,
452 680 630 764 oliqnolom
636 680 728 745 dalet
745 679 1021 761 diaplaneitatem,
1036 685 1066 740 et
1080 675 1178 740 lucem
1192 673 1329 756 aliqum
1340 673 1498 746 admittit,-

313 791 422 855 saltem
437 789 611 855 secundum
633 789 802 870 aliqualem
820 789 1084 871 profunditatem,
1102 801 1189 857 cum,
1207 782 1245 848 ol
1261 791 1382 848 uastam
1400 799 1498 848 eras-

312 900 417 962 sitiem
437 897 560 963 lunaris
578 899 731 981 corporis,
751 895 833 961 Solis
850 895 948 970 radii,
971 897 1115 977 quamvis
1128 891 1400 976 perpendiculares
1421 893 1498 956 eai-

312 1016 440 1082 stentes,
459 1009 528 1089 ejus
542 1007 793 1090 profunditatem
810 1013 974 1089 penetrare
993 1023 1057 1070 non
1070 1005 1202 1087 pomini.
1224 999 1349 1080 Quare,
1367 1011 1434 1067 turn
1450 1021 1497 1068 ea·

314 1119 481 1199 opaeitou,
495 1125 563 1180 tum
580 1133 622 1180 ea
639 1117 793 1190 crassitie,
807 1120 844 1181 in
857 1115 961 1198 eclipsi
979 1111 1061 1178 Solis
1077 1113 1189 1177 lunare
1207 1129 1334 1194 eorpus,
1349 1112 1494 1194 quamuis

308 1225 612 1310 perpendiculariter
624 1225 684 1288 sul
697 1225 796 1290 radiis
810 1225 883 1290 solis
898 1227 1048 1308 positum,
1061 1223 1121 1287 illis
1133 1239 1336 1304 nequaquam
1347 1223 1494 1303 peruium

313 1341 361 1422 fit,
379 1336 433 1401 sed
450 1335 618 1400 obscurum
636 1343 665 1398 et
684 1334 882 1400 tenebrarum
899 1341 1045 1417 apparet·
1062 1349 1134 1396 cum
1160 1340 1279 1404 tonnn,
1299 1333 1364 1413 ipso
1385 1331 1492 1394 minus

314 1463 412 1528 quam
428 1446 533 1510 sectili
550 1443 727 1510 radiatione
745 1443 936 1518 illuminato,
952 1451 1065 1516 totum,
1084 1441 1168 1524 quod
1184 1441 1342 1523 reliquam
1359 1447 1404 1505 est
1420 1457 1494 1504 aor-

311 1557 400 1636 poris
418 1573 484 1619 non
502 1553 664 1627 irradiati,
682 1552 816 1618 obscura
833 1563 927 1636 atquo
945 1552 1094 1634 muliqua
1117 1550 1182 1614 luee
1203 1551 1367 1632 perfusum
1383 1549 1495 1614 ciden-

314 1672 382 1737 tur:
400 1663 505 1728 lumen
533 1665 645 1746 quippe
676 1665 827 1746 recipiens
855 1663 896 1728 al
923 1663 1056 1744 obliquis
1085 1662 1157 1726 solis
1184 1659 1298 1735 radiis,
1320 1659 1493 1724 seeundum

312 1773 538 1858 superficialem
555 1773 656 1838 solum
683 1775 871 1846 crassitiem,
891 1782 1017 1836 tontum
1034 1779 1173 1853 quantas
1194 1779 1238 1834 est
1261 1771 1386 1852 lunaris
1412 1769 1493 1852 qloli

313 1883 402 1949 nolis
421 1887 580 1966 conspicui
601 1883 748 1947 ambitus.
776 1881 868 1959 Quod
886 1884 932 1946 ita
947 1884 1031 1966 lieri,
1050 1881 1121 1946 inde
1143 1881 1345 1962 manifestum
1362 1887 1423 1943 ests
1441 1880 1494 1944 lu-

312 2013 385 2059 men
402 1996 517 2057 etenim
535 1994 590 2056 noo
613 1993 771 2074 paulatim
786 1993 960 2065 minuitur,
978 1991 1038 2055 sole
1068 1991 1168 2071 maqis
1187 1989 1343 2054 recedente
1359 1997 1390 2052 et
1406 1986 1491 2054 Solis

313 2102 411 2166 radiis
428 2103 534 2164 minus
552 2099 674 2182 oblique
692 2104 837 2183 receptis,-
853 2117 1031 2184 quousque,
1054 2108 1203 2180 superata
1227 2101 1329 2181 prima
1346 2097 1493 2180 quadro·

313 2219 401 2282 tura,
420 2209 545 2272 tandem
574 2219 753 2286 evanescat,
773 2209 855 2276 Solis
876 2209 976 2275 radiis
998 2211 1098 2292 maqis
1121 2217 1207 2274 recta
1225 2208 1489 2283 illuminantibus,

313 2338 351 2384 uo
368 2321 560 2404 superficiem
579 2327 704 2384 tuntum
718 2319 960 2388 illustrantibus.
972 2318 1023 2384 Ad
1037 2339 1135 2404 quum
1153 2337 1283 2384 causam
1296 2321 1495 2404 referendam

313 2431 523 2494 existimarim
546 2429 646 2495 lucem
668 2431 768 2506 illam,
787 2447 884 2514 quam
901 2431 937 2494 in
955 2429 1054 2494 Luna
1072 2447 1169 2512 opaca
1183 2436 1274 2512 porte
1292 2429 1334 2492 D.
1355 2426 1494 2494 Golileus

312 2539 466 2616 alternat,
484 2550 514 2606 et
535 2560 640 2606 omnes
671 2543 893 2624 conspicimus,
911 2543 1018 2624 potius
1046 2558 1143 2623 quam
1172 2539 1214 2603 ad
1234 2547 1381 2604 mutuam
1408 2537 1495 2603 illam

314 2650 442 2717 luminis
472 2656 800 2728 communicationem,
830 2654 914 2718 uelut
941 2671 963 2717 a
989 2653 1084 2717 Luna
1110 2649 1231 2730 Terra,
1254 2655 1329 2717 item
1349 2669 1370 2716 o
1391 2651 1493 2716 Terra

313 2760 414 2826 Luna
425 2763 658 2842 participatam,
674 2779 770 2843 quam
785 2781 826 2825 esc
839 2763 1034 2844 pqtlaqmici
1048 2761 1183 2828 Philolai
1197 2765 1350 2828 sententio
1364 2761 1404 2826 D.
1421 2759 1491 2826 Go-

315 2871 403 2936 llleus
421 2871 683 2944 comminisciturr
702 2889 774 2933 aum
797 2869 898 2935 Terra
916 2887 980 2934 noo
993 2873 1034 2934 sit
1045 2873 1234 2954 perpolitum
1252 2889 1408 2956 corpus,a
1425 2891 1492 2954 quo

313 2985 350 3046 io
368 2988 492 3045 tantum
506 2981 661 3062 spacium,
676 2988 833 3062 quantum
851 2991 895 3045 est
914 2999 1014 3064 usque
1029 2983 1071 3046 ad
1084 2983 1223 3056 Lunam,
1239 2984 1356 3050 resilire
1371 2985 1493 3067 possint

314 3091 387 3157 solis
404 3091 489 3158 radii
505 3098 599 3172 atque
617 3088 879 3156 illuminationem
896 3093 1142 3167 communicare:
1160 3096 1302 3175 quinimo
1319 3101 1363 3160 est
1382 3111 1493 3178 corpses

314 3201 461 3267 scabrum
479 3211 508 3266 et
526 3199 701 3283 pillosum,
720 3218 742 3265 a
764 3219 828 3282 quo
848 3205 882 3285 fit
909 3204 1014 3267 minor
1042 3202 1170 3285 reflexio
1199 3205 1379 3280 radiorum:
1395 3209 1442 3271 ita
1460 3215 1495 3269 at

315 3329 415 3392 neque
429 3315 568 3394 priosum
579 3315 662 3377 aeris
680 3314 837 3394 reqionem
854 3314 964 3396 reflexi
982 3331 1003 3376 a
1025 3311 1125 3378 Terra
1142 3315 1213 3380 solis
1231 3316 1315 3381 radii
1332 3323 1494 3399 superent:

315 3419 428 3484 inditio
444 3430 519 3484 sunt
535 3421 663 3502 pluvia,
683 3423 912 3506 prantenensi
929 3422 993 3488 alia
1010 3423 1143 3505 sriqr‘da,
1159 3443 1230 3506 qua
1245 3425 1280 3489 in
1294 3425 1398 3490 media
1412 3427 1494 3492 aeris

314 3533 440 3613 reqione
458 3542 662 3614 qenerantur.
680 3533 740 3599 His
755 3535 854 3616 iqitur
871 3536 1066 3617 arqumentis
1085 3543 1203 3610 statuo,
1220 3535 1304 3617 quod
1312 3538 1417 3618 prima
1432 3536 1493 3600 loeo

315 3643 515 3724 supponitur,
536 3641 662 3708 Lunam
680 3663 744 3708 nan
762 3662 825 3708 esse
843 3645 1023 3726 simpliciter
1051 3663 1184 3726 opacum
1205 3663 1334 3727 corpus:
1351 3647 1492 3729 quamuis

315 3755 371 3816 loo
389 3753 469 3817 idem
483 3753 661 3836 protaurtt
679 3752 802 3826 Acerr,
821 3755 957 3820 secundo
979 3756 1014 3818 de
1036 3755 1116 3821 coto
1134 3755 1194 3832 l9,
1211 3757 1276 3821 alia
1298 3756 1498 3824 demonstra-

316 3866 399 3928 tione
417 3883 458 3928 esc
480 3865 622 3930 doctrina
640 3861 850 3928 duenmarlta
869 3867 904 3927 in
923 3873 1061 3930 tractatu
1083 3867 1255 3948 sinquluri:
1277 3885 1399 3950 nnnpe,
1418 3868 1496 3948 quia

315 3975 503 4040 illuminatio
521 3975 634 4051 Luna,
658 3993 754 4058 quam
768 3976 905 4057 acquirit
923 3994 944 4040 a
962 3973 1046 4052 Sole,
1066 3995 1130 4041 non
1149 3987 1193 4042 est
1215 3977 1387 4042 seeundum
1402 3975 1495 4059 rollo·

315 4087 456 4162 aionem·
473 4089 551 4169 quio
570 4087 597 4150 si
615 4095 691 4150 esset
712 4085 885 4150 secundum
909 4087 1123 4170 reflexionem,
1143 4105 1209 4152 nan
1234 4086 1494 4152 illuminarentur

316 4195 351 4257 in
373 4193 474 4259 Terra
492 4197 556 4260 nisi
574 4195 640 4259 loca
657 4195 825 4260 terminata
842 4195 1014 4260 secundum
1026 4214 1121 4260 saum
1135 4200 1247 4273 situm:
1272 4215 1348 4262 nam
1364 4195 1494 4278 retleaio

317 4323 382 4368 nan
399 4307 433 4388 fit
451 4307 513 4368 nisi
531 4305 703 4372 secundum
725 4307 856 4389 onqulos
881 4297 1078 4383 ominum,-
1095 4318 1124 4373 et
1147 4313 1339 4392 eontinqeret
1360 4327 1400 4373 en
1423 4311 1494 4380 liae,

316 4417 351 4479 in
369 4414 557 4496 quibusdam
573 4415 698 4488 sitibus,
729 4424 764 4479 ut
794 4417 899 4482 lumen
922 4417 989 4498 ejus
1010 4437 1075 4484 non
1089 4423 1267 4502 perueniret
1285 4422 1329 4486 ad
1350 4420 1496 4487 Terram:

316 4533 344 4588 et
365 4532 462 4588 totum
486 4524 540 4590 loc
564 4525 636 4588 dicit
655 4544 717 4588 esse
736 4529 996 4610 manifestumne
1015 4531 1217 4612 adspectibus.
1242 4529 1351 4609 Quare
1369 4534 1494 4604 statuit,
