3096 5154
587 343 816 393 remoromcus
836 342 962 390 renerus
1318 325 1361 389 77

179 501 307 552 necnon
321 485 468 565 ipsorum
485 483 577 556 loca,
594 485 695 561 atque
711 499 770 563 per
786 481 870 547 duos
886 480 1037 564 proxime
1053 495 1181 543 menses
1203 481 1362 547 observa-

179 598 284 662 tiones
299 595 391 659 circa
408 591 589 658 eorundem
605 591 747 657 lotiones
772 610 811 657 ae
840 592 1043 658 mutationes
1059 590 1205 665 habitas,
1223 593 1358 673 aperia-

177 724 252 771 mus
286 724 325 771 ao
354 703 616 788 promulgemus:
637 703 853 767 astronomos
874 719 989 766 omnes
1012 707 1250 777 convocantes,
1265 709 1304 766 ut
1320 704 1362 765 ad

178 817 311 881 illorum
322 814 474 897 periodos
482 812 696 895 inquirendas
705 818 804 894 atque
814 810 1017 877 deliniendos
1028 830 1064 878 se
1074 813 1262 888 conferant,
1272 813 1362 894 quod

178 928 275 993 nobis
286 927 321 991 in
332 926 418 991 hanc
428 923 647 1006 usquediem,
658 923 702 987 ol>
713 924 870 1007 temporis
880 923 1079 1007 angustiam,
1088 923 1217 1006 assequi
1225 923 1363 987 minime

179 1038 285 1105 licuit.
301 1035 380 1102 lllos
396 1042 508 1101 tamen
522 1035 644 1101 iterum
660 1033 806 1099 monitos
822 1034 977 1110 iacimus,
993 1051 1036 1098 ne
1053 1033 1096 1103 ad
1123 1034 1226 1098 talem
1251 1035 1362 1117 inspe-

180 1149 325 1213 ctionem
345 1147 513 1211 incassum
533 1144 707 1219 accedant,
730 1144 923 1227 Perspioillo
945 1145 1157 1210 exactissimo
1175 1163 1258 1228 opus
1276 1163 1363 1222 esse,

181 1266 214 1324 et
232 1259 331 1339 quale
347 1246 382 1321 in
400 1255 563 1337 principio
581 1255 741 1319 sermonis
759 1254 858 1337 hujus
876 1255 1120 1337 descripsimus.

269 1369 330 1433 Die
348 1369 459 1449 itaque
478 1365 616 1448 septima
630 1365 781 1431 Ianuarii
792 1365 946 1431 instantis
957 1365 1036 1429 anni
1048 1364 1214 1430 millesimi
1227 1383 1365 1430 sexcen-

184 1477 292 1542 tesimi
309 1476 443 1552 decimi,
461 1476 545 1540 hora
563 1477 729 1557 sequentis
745 1476 854 1541 noctis
871 1475 995 1558 prima,
1011 1492 1089 1540 cum
1101 1477 1248 1541 celestia
1259 1478 1367 1543 sidera

182 1606 241 1671 per
252 1586 480 1668 Perspicillum
491 1590 689 1668 spectarem,
699 1586 849 1668 luppiter
859 1603 895 1650 se
912 1603 946 1651 se
963 1585 1098 1652 obviam
1114 1586 1205 1662 lecit3
1225 1606 1368 1671 eumque

184 1699 364 1766 admodum
383 1698 547 1763 excellens
565 1696 649 1761 mihi
671 1712 840 1779 parassem
862 1696 1120 1761 instrumentum
1144 1691 1251 1780 (quod
1269 1701 1368 1760 antea

184 1813 227 1876 ob
237 1811 375 1876 alterius
384 1809 501 1892 organi
512 1807 717 1872 debilitatem
726 1806 863 1871 minime
873 1803 1081 1892 contigerat),
1094 1810 1162 1870 tres
1173 1805 1222 1870 illi
1235 1805 1367 1870 adstare

185 1922 353 1998 Stellnlas,
383 1920 520 2002 exiguas
548 1918 697 2000 quidem,
725 1922 944 1983 veruntamen
970 1917 1188 1994 clarissimas,
1211 1917 1369 1999 coguovi3

186 2031 392 2114 quae‚licete
406 2047 546 2096 numero
563 2029 804 2096 innerrantium
821 2047 841 2094 a
858 2047 912 2094 me
930 2028 1158 2103 crederentur,
1172 2027 1368 2092 nonnullam

186 2147 299 2205 tamen
327 2141 512 2206 intulerunt
540 2140 808 2215 admirationem,
838 2158 878 2205 eo
905 2138 995 2223 quod
1012 2138 1196 2204 secundum
1213 2143 1368 2203 exactam

189 2250 312 2314 lineam
329 2253 469 2324 rectam,
488 2254 585 2330 atque
603 2250 784 2333 Eolyptieae
801 2250 995 2333 parallelum
1018 2249 1184 2331 disposite
1206 2248 1369 2314 videban-

190 2367 261 2437 tur,
280 2377 320 2424 ac
336 2358 465 2421 oaeteris
481 2359 708 2440 magnitudine
724 2361 861 2442 paribus
875 2358 1122 2440 splendidiores.
1136 2356 1281 2441 Eratque
1295 2359 1371 2423 illa-

196 2532 277 2623 01.
554 2523 598 2609 it
722 2482 879 2688 *Θ
1005 2523 1049 2610 e
1262 2533 1370 2623 occ..

191 2746 267 2796 rum
285 2728 372 2792 inter
390 2744 439 2805 se,
457 2732 490 2792 et
509 2726 552 2791 ed
567 2727 685 2793 lovem
713 2729 790 2793 talis
817 2729 1024 2795 constitutioa
1054 2746 1099 2795 ex
1127 2736 1222 2812 parte
1249 2729 1376 2794 scillcet

192 2837 347 2903 orientali
371 2837 444 2903 duae
463 2837 602 2904 aderant
620 2838 745 2913 Stellae,
761 2855 831 2904 uua
846 2856 926 2905 vero
940 2857 1098 2906 occasum
1111 2857 1237 2906 versus.
1253 2838 1375 2905 Orien-

193 2950 306 3022 talior,
327 2952 425 3028 atque
444 2949 657 3013 occidentalis
675 2949 817 3030 reliqua,
834 2950 934 3031 panio
950 2951 1094 3032 majores
1109 2951 1326 3032 apparebanl3
1337 2948 1376 3012 de

197 3056 354 3121 distantia
370 3059 456 3121 inter
473 3060 560 3138 ipsas
578 3063 611 3122 et
632 3058 748 3123 lovem
765 3059 901 3124 minime
919 3060 1082 3124 sollicitus
1100 3060 1163 3134 lui;
1183 3060 1260 3122 linae
1278 3058 1379 3132 enim,

196 3167 247 3231 uti
266 3166 412 3230 diximus
429 3167 551 3249 primo,
568 3168 701 3234 creditae
724 3169 870 3234 luerunt.
900 3168 985 3234 Cum
1016 3173 1128 3234 autem
1157 3167 1210 3233 die
1238 3173 1377 3243 octava,

197 3278 310 3342 nescio
333 3295 399 3358 quo
425 3279 494 3342 lato
512 3278 646 3355 duetus,
664 3280 707 3344 ad
724 3279 961 3361 inspectionem
979 3278 1129 3343 eamdem
1148 3296 1301 3344 reversus
1323 3295 1377 3342 es-

198 3408 281 3463 sem,
309 3389 406 3471 longe
434 3389 535 3453 aliam
552 3390 823 3456 constitutionem
842 3389 963 3470 reperi;
982 3393 1077 3454 erant
1095 3389 1186 3453 enim
1204 3393 1271 3452 tres
1290 3386 1375 3453 Stel-

199 3501 277 3564 lulae
296 3499 516 3565 occidentales
533 3518 648 3565 omnes
665 3519 686 3565 1
702 3500 799 3575 Jove,
818 3504 918 3582 alque
937 3499 1023 3565 inter
1037 3516 1087 3575 se,
1101 3517 1202 3581 quam
1217 3499 1380 3582 superiori

200 3615 316 3686 nocte,
327 3609 518 3686 viciniores,
536 3613 736 3694 paribusque
754 3612 940 3677 interstitiis
949 3615 1067 3676 mutuo
1081 3609 1308 3693 disseparata,
1323 3627 1384 3675 re-

201 3721 263 3787 luti
279 3722 427 3804 apposita
437 3723 604 3804 praesefert
616 3723 806 3789 delineatio.
816 3722 890 3799 Hic,
901 3723 977 3787 licet
989 3722 1030 3786 ad
1042 3726 1194 3787 mutuam
1205 3720 1384 3788 Stellarum

208 3913 287 4004 0,
626 3864 729 4071 Θ
761 3900 950 3990 eea
1273 3909 1384 4002 occ.

205 4128 558 4211 appropinquationem
575 4125 714 4189 minime
735 4123 971 4207 cogitationem
995 4121 1210 4204 appulissem,
1232 4121 1387 4186 hesitare

204 4246 318 4303 tamen
333 4240 433 4321 eoepi,
452 4254 597 4320 quonam
615 4241 712 4319 pacto
729 4235 880 4318 luppiter
898 4237 939 4300 ab
956 4233 1111 4299 omnibus
1127 4231 1293 4316 predictis
1310 4228 1387 4295 lixis

206 4357 314 4430 posset
332 4349 526 4416 orientalior
543 4348 696 4430 reperiri,
714 4365 793 4412 cum
810 4364 832 4411 1
848 4347 936 4411 binis
953 4364 996 4411 ex
1015 4344 1081 4410 illis
1102 4346 1209 4427 pridie
1231 4341 1387 4408 occiden-

209 4462 285 4525 talis
302 4463 430 4529 luisset:
450 4479 488 4527 ac
508 4459 645 4544 proinde
662 4460 789 4525 veritus
807 4476 881 4524 sum
898 4477 940 4523 ne
957 4459 1058 4532 sorte,
1075 4473 1170 4522 secus
1187 4474 1208 4520 a
1226 4452 1384 4533 computo
