3096 5154
506 312 545 358 au
569 309 773 359 eannoums
796 309 825 356 m
848 307 927 356 omn
951 307 1037 354 cona
1298 291 1361 358 Sl'll

180 453 256 534 [este
273 447 449 519 concludat,
468 446 537 528 ejus
556 446 662 527 major
674 446 832 526 proposito
850 453 895 508 est
914 442 1102 508 declaranda
1123 444 1165 506 ad
1185 445 1364 511 ualidiorem

179 559 333 644 arquendi
350 559 429 633 uim,
449 559 596 639 quamuis
613 558 690 620 satis
707 557 747 619 sit
766 555 899 619 euidens.
918 553 971 619 Ita
993 562 1099 617 autem
1121 553 1291 619 declarabo.
1313 555 1365 620 Ad

175 679 363 754 perpctsmm
384 676 519 740 motum,
542 668 598 749 qui
620 684 690 731 vere
711 674 879 748 perpetuus
901 666 941 727 sit
965 664 1038 748 (leoc
1061 671 1121 740 est,
1144 666 1364 740 continuitate,

178 800 244 845 non
267 798 308 844 esc
328 776 555 861 successione),
584 775 680 840 ueluti
704 784 873 858 perpetuus
903 775 1080 857 requiritur
1109 783 1224 849 motor,
1252 778 1366 842 scilicet

179 908 265 957 unus
284 899 315 954 et
332 890 482 954 continue
500 903 641 959 mouens,
660 904 725 950 non
742 886 913 949 successive
932 884 1074 969 (mouens
1091 885 1176 947 enine
1198 889 1366 952 successive

180 1019 245 1065 non
272 1008 375 1064 monet
398 1005 563 1080 perpetuo,
593 996 647 1059 sed
676 994 876 1078 interpellata
904 996 1021 1076 quiete,
1052 994 1312 1076 queamdmodum
1338 1010 1367 1062 et

180 1118 283 1175 motus
297 1109 490 1173 successivus
505 1126 571 1171 non
586 1115 630 1170 est
641 1113 826 1188 perpetuus,
843 1105 896 1169 scd
909 1106 1123 1178 intermissus,
1139 1116 1175 1170 ut
1186 1104 1367 1174 Aristoteles

179 1222 252 1303 susc
267 1219 412 1304 probauit
435 1213 522 1282 VIII
536 1214 781 1300 Pqusicorum):
799 1217 845 1278 ita
860 1223 1044 1297 perpetuum
1058 1217 1235 1296 requiritur
1248 1217 1367 1292 mobile,

183 1350 251 1395 non
267 1330 449 1402 successive,
468 1326 521 1391 sed
539 1328 685 1392 continue
699 1343 906 1408 permaneam
924 1343 1060 1407 namque
1079 1324 1176 1389 aelati
1192 1337 1308 1402 motus,
1331 1338 1368 1393 ut

183 1443 225 1506 sit
240 1448 424 1522 perpetuus,
449 1457 514 1503 non
542 1437 627 1502 delet
655 1454 718 1501 esse
747 1437 961 1509 intermissus,
989 1436 1044 1533 sed
1061 1439 1274 1504 continuaret
1292 1441 1369 1504 uni·

180 1553 307 1635 smmis,
325 1568 363 1614 ac
381 1567 468 1614 unus
487 1566 619 1613 numero
637 1565 674 1611 ac
693 1555 792 1612 molor
808 1548 946 1629 pariter:
967 1548 1013 1611 ita
1032 1558 1061 1610 et
1078 1547 1187 1613 mobile
1201 1550 1288 1614 delet
1304 1570 1368 1615 esse

182 1679 285 1726 unum
302 1678 449 1734 numero,
479 1667 509 1722 et
527 1658 610 1723 idem
627 1675 832 1740 permanensr
860 1655 954 1730 alias,
984 1665 1086 1722 motus
1115 1678 1180 1723 non
1202 1662 1262 1724 erit
1283 1680 1368 1726 unus

184 1789 331 1845 numera,
360 1789 416 1835 nec
441 1778 623 1852 perpetuus.
652 1766 709 1832 Ec
737 1769 833 1849 liujus
864 1776 971 1831 autem
995 1771 1217 1850 propositionis
1240 1773 1370 1853 majoris

182 1882 391 1947 declaratione
410 1880 579 1945 deducitur
597 1880 690 1943 totius
710 1879 891 1961 arqumenti
908 1879 1034 1942 ueritas.
1049 1876 1088 1942 Si
1102 1881 1187 1943 enim
1202 1880 1244 1945 ad
1257 1900 1370 1962 perpe-

185 2004 276 2057 tuum
287 2000 423 2065 molum,
440 2008 549 2072 nempe
566 2007 668 2053 unum
681 2007 824 2061 numero,
840 1987 938 2052 ueluti
952 1989 1128 2070 requiritur
1139 2007 1226 2053 unus
1239 2009 1370 2056 numera

183 2113 298 2177 motam
315 2105 361 2166 ita
377 2102 557 2184 requiritur
575 2118 677 2163 unum
695 2117 826 2163 numero
844 2098 952 2163 mobile
972 2098 1062 2183 (cum
1081 2099 1180 2165 Terra
1194 2120 1371 2184 numquam

186 2213 282 2292 possit
298 2228 361 2276 erce
378 2227 447 2275 una
464 2229 612 2286 numero,
629 2212 844 2292 corrumpitur
861 2212 945 2274 enim
964 2220 993 2274 ct
1009 2221 1182 2292 qeneratur
1199 2216 1370 2278 secundum

182 2322 327 2409 portem:
343 2322 415 2387 inde
433 2324 592 2404 sequitur,
614 2321 748 2387 Terram
765 2341 831 2386 non
846 2340 933 2404 posse
952 2341 1015 2386 esse
1034 2324 1112 2404 quid
1136 2335 1286 2406 perpetuo
1303 2344 1371 2390 mo-

188 2432 258 2499 otte.
281 2431 402 2510 Quare,
422 2451 519 2515 neque
533 2434 657 2514 primus
681 2441 795 2507 motor,
819 2451 920 2514 neque
943 2433 1052 2514 aliqua
1074 2432 1139 2496 alia
1157 2435 1369 2515 intelliqentia,

186 2543 279 2624 cuius
297 2552 401 2608 motus
414 2551 583 2625 perpetuus
601 2544 655 2616 sit,
685 2561 755 2606 ecm
781 2545 894 2624 poterit
921 2562 1053 2608 mouere.
1082 2543 1153 2608 Non
1172 2546 1281 2626 upari
1299 2564 1371 2625 erqo

183 2653 340 2720 concludit
357 2662 593 2736 arqumcntum,
613 2672 712 2735 supra
729 2654 860 2719 allatum
875 2664 985 2720 contra
999 2664 1118 2718 motum
1136 2654 1255 2727 Terra,
1275 2656 1370 2718 etiam

184 2772 293 2829 contra
309 2772 431 2828 matum
451 2760 543 2828 Gali:
562 2781 638 2827 nam
657 2763 789 2837 Caium,
812 2767 869 2828 etsi
891 2767 1078 2848 quantitatis
1100 2769 1197 2850 finita
1219 2769 1274 2839 sit,
1297 2768 1372 2850 iufi-

183 2877 258 2939 nita
277 2883 382 2939 tamen
400 2873 578 2938 durationis
596 2883 657 2948 est‚·
671 2884 700 2938 et
713 2876 885 2961 secundum
901 2884 1013 2949 totum,
1028 2884 1057 2938 et
1072 2877 1243 2940 secuudum
1254 2885 1371 2959 partes,

185 2984 270 3068 quod
284 2985 374 3067 infra
390 2983 524 3048 dilucide
538 2984 757 3066 probammus:
772 2995 805 3050 at
825 2986 925 3051 Terra
941 2997 985 3050 est
999 2989 1095 3071 finita
1109 2989 1212 3062 molis,
1231 2997 1259 3051 et
1273 2988 1369 3071 finita

186 3095 379 3160 durationis:
396 3093 479 3175 qnod
496 3095 524 3156 si
547 3095 583 3157 in
610 3103 763 3160 aternum
792 3106 913 3169 manet,
945 3099 1000 3160 lroc
1027 3106 1071 3159 est
1099 3096 1136 3159 ob
1164 3101 1369 3162 successivam

182 3206 327 3288 partium
354 3206 632 3278 restaurationem,
663 3208 758 3270 utin
781 3209 888 3271 ceteris
910 3211 944 3291 ᾖε
967 3204 1230 3286 corruptibilibus.
1264 3202 1370 3280 Quare

185 3322 419 3397 arqumentum,
437 3317 473 3379 ni
494 3313 601 3397 fallor,
618 3334 658 3379 ex
674 3319 854 3381 necessitate
869 3318 1033 3398 manifeste
1050 3315 1219 3388 concludit,
1238 3313 1370 3380 Terram

185 3442 252 3489 non
266 3441 354 3506 posse
370 3424 502 3497 circulo,
522 3433 559 3488 at
576 3424 764 3507 Capernicus
779 3430 903 3499 statuit,
923 3435 1078 3508 tanquam
1092 3444 1194 3489 unum
1209 3444 1250 3489 ecc
1264 3428 1368 3496 astris,

179 3537 364 3619 perenniter
380 3536 507 3600 moueri.
528 3533 617 3600 Addo
636 3537 731 3599 etiam
746 3536 844 3599 aliam
871 3538 1026 3600 rationem
1055 3537 1183 3600 diuersa
1212 3535 1369 3599 illationis.

182 3646 269 3714 Nam
288 3645 421 3720 Galum,
441 3664 513 3710 cnm
530 3648 571 3709 eit
589 3648 767 3709 animatum
784 3655 919 3723 natura,
945 3657 1087 3711 mouetur
1106 3645 1146 3710 al
1164 3646 1371 3726 inteltiqentia

182 3766 341 3834 mouente,
359 3775 425 3821 non
439 3766 477 3822 ut
492 3759 637 3840 efficiens,
653 3758 705 3820 sed
719 3766 755 3820 ut
770 3756 923 3838 objectum
938 3767 966 3821 et
980 3760 1060 3842 finis,
1076 3759 1131 3821 leoc
1148 3766 1192 3820 est
1209 3766 1370 3837 tamquam

181 3864 372 3931 intellectum
389 3874 419 3930 et
437 3866 658 3940 desideratum,
678 3868 734 3949 qui
755 3876 858 3930 motus
881 3869 1038 3932 naturalis
1069 3877 1127 3941 est,
1159 3887 1231 3931 cum
1255 3869 1370 3929 anima

183 3981 240 4051 sit:
258 3975 449 4049 intellectum
466 3981 551 4043 enim
571 3989 600 4042 et
626 3978 835 4042 desideratum
861 3986 985 4041 mouent
1004 3987 1040 4042 ut
1058 3978 1225 4042 existentia
1244 3977 1278 4039 in
1296 3980 1371 4040 ani-

182 4108 251 4164 ma,
268 4109 335 4154 non
350 4098 458 4155 autem
476 4101 570 4157 entra
587 4093 738 4155 animam.
758 4087 803 4152 Ae
823 4091 859 4152 in
885 4087 984 4153 Terra
1011 4089 1045 4152 id
1071 4090 1138 4172 fieri
1166 4105 1232 4152 non
1258 4097 1369 4172 potest,

185 4202 248 4264 nisi
267 4200 403 4267 Terram
420 4202 596 4268 animatam
615 4221 678 4267 esse
697 4202 852 4274 dicamus,
873 4208 902 4263 et
925 4197 1026 4284 (quod
1053 4199 1140 4280 pejus
1170 4198 1231 4286 est)
1261 4203 1370 4266 anima

186 4311 386 4388 intellectiaas
405 4315 490 4396 quod
503 4316 677 4381 absurdum
691 4323 734 4379 est
757 4322 786 4379 et
811 4312 991 4378 ridiculum.
1007 4308 1045 4374 Si
1059 4312 1143 4376 enim
1158 4313 1246 4378 nulla
1265 4313 1370 4377 Terra

184 4439 261 4503 pars
287 4425 429 4490 animam
458 4427 549 4494 lralret
578 4427 757 4510 oeqetalem,
786 4435 843 4493 aut
870 4424 1064 4496 sensitivam,
1095 4433 1130 4489 ul
1160 4426 1281 4519 clarum
1309 4430 1369 4495 est,-
