3096 5154
180 248 223 313 m
582 257 809 308 lernonourcas
831 257 959 305 abactas

180 408 257 467 runt
276 401 493 464 incrementa:
517 414 635 465 verum
665 400 699 461 in
730 397 840 463 Stellis
872 395 949 461 talis
978 393 1090 459 auctio
1122 392 1231 477 longe
1262 396 1377 459 minor

179 516 330 596 apparet3
349 509 431 574 adeo
447 513 486 572 ut
503 507 746 590 Perspicillum,
763 507 853 588 quod
871 506 999 589 reliqua
1020 503 1152 585 oblecta
1176 504 1377 567 seeundum

178 622 384 703 centuplam,
403 618 511 703 gratia
527 620 684 701 exempli,
703 619 867 685 rationem
891 614 1113 697 multiplicare
1134 617 1269 695 potens
1290 614 1378 689 erit,

178 735 237 798 vix
254 731 436 796 seeundum
453 730 672 812 quadruplam
705 735 764 794 aut
781 727 992 811 quintuplum
1015 724 1135 791 Stellas
1155 725 1378 809 multiplices

178 844 313 908 reddere
330 842 455 907 credas.
474 840 573 907 Ratio
586 846 697 905 autem
709 841 811 923 bujus
826 843 890 913 est,
903 837 993 919 quod
1006 835 1132 901 scilieet
1145 834 1277 913 Aaou,
1292 836 1376 901 dum

175 956 278 1020 libera
309 970 348 1018 ac
378 953 526 1018 naturali
553 952 728 1016 oculorum
757 953 829 1015 acie
851 955 1058 1033 spectantur,
1080 963 1150 1011 non
1171 947 1375 1013 secundum

178 1081 273 1126 suam
292 1064 477 1144 simplicem
493 1060 699 1142 nudamque,
717 1067 755 1125 ut
773 1063 820 1126 ita
837 1061 962 1135 dicam,
990 1056 1271 1141 magnitudinem
1303 1076 1376 1125 sese

178 1174 271 1236 nobis
289 1173 448 1245 offerunt,
459 1171 515 1235 sed
526 1171 713 1253 fulgoribus
730 1171 928 1254 quibusdam
946 1169 1121 1243 irradiata,
1138 1168 1377 1235 micantibus-

178 1298 243 1361 que
272 1282 374 1347 radiis
394 1281 530 1357 crinita,
548 1281 646 1362 idque
663 1282 887 1363 potissimum,
904 1297 984 1344 cum
994 1278 1068 1360 jam
1083 1277 1280 1345 increverit
1293 1296 1375 1345 nox:
1431 1356 1435 1371 Ι

178 1410 221 1456 ex
237 1409 304 1472 quo
322 1393 418 1474 longe
436 1393 578 1474 maj0res
594 1392 765 1466 videntur,
778 1409 880 1473 quam
895 1391 923 1455 si
942 1388 1118 1455 adscititiis
1130 1387 1202 1453 illis
1217 1390 1377 1456 crinibus
1432 1460 1435 1467 ,

177 1507 284 1567 essent
302 1508 417 1577 exuta;
435 1504 579 1587 angulus
596 1503 685 1567 enim
704 1502 861 1579 visorius,
875 1499 1143 1583 nonaprimario
1158 1498 1285 1568 Stellae
1299 1520 1378 1569 cor·
1432 1486 1435 1493 ’

175 1616 331 1698 pusculo,
348 1616 406 1680 sed
423 1633 444 1679 a
461 1615 527 1680 late
545 1613 750 1678 circumfuso
764 1612 935 1695 splendore
949 1611 1157 1677 terminatur.
1174 1608 1258 1677 lloc
1274 1630 1379 1696 aper-
1433 1596 1435 1601 ’

174 1729 300 1793 tissime
321 1727 487 1807 intelligas
506 1726 585 1789 licet
606 1743 649 1788 ex
667 1742 723 1799 eo,
739 1723 829 1804 quod
847 1723 956 1787 Stella
976 1723 1011 1787 in
1030 1719 1116 1786 Solis
1129 1736 1268 1787 occasu
1289 1725 1379 1789 inter

175 1840 284 1919 prima
301 1837 496 1919 crepuscula
514 1839 731 1915 emergentes,
752 1834 882 1898 tametsi
900 1835 1015 1915 primae
1038 1831 1162 1895 fuerint
1187 1837 1379 1917 magnitu-

177 1946 278 2020 dinis,
296 1946 424 2027 exiguae
443 1944 624 2008 admodum
637 1948 853 2023 apparent;et
864 1942 1270 2024 Venusipsa,sigunndo
1282 1949 1379 2015 circa

178 2054 348 2119 meridiem
365 2072 400 2119 se
423 2056 517 2119 nobis
536 2055 801 2136 inconspectum
820 2053 960 2127 dederit,
978 2053 1061 2118 adeo
1078 2052 1175 2117 exilis
1193 2061 1378 2137 cernitur,

179 2172 217 2229 ut
234 2165 293 2229 vix
311 2164 482 2231 Stellulam
499 2165 738 2247 magnitudinis
755 2166 882 2230 ultimae
900 2181 1031 2245 aquare
1060 2163 1230 2229 videatur.
1268 2168 1380 2237 Saena

177 2275 211 2338 in
229 2274 303 2339 aliis
320 2275 471 2357 obiectis,
488 2282 521 2341 et
539 2276 574 2339 in
593 2276 732 2358 ipsamet
750 2275 846 2340 Luna
862 2276 1040 2358 contingit;
1058 2292 1133 2356 quae
1151 2274 1287 2343 sivein
1304 2300 1380 2347 me-

175 2387 306 2453 ridiana
317 2388 404 2465 luce,
416 2389 486 2452 sive
496 2389 581 2453 inter
591 2388 821 2471 profundiores
839 2389 992 2453 tenebras
1010 2389 1191 2469 spectetur,
1212 2386 1380 2469 eiusdem

175 2517 302 2582 semper
311 2501 409 2564 molis
419 2505 565 2580 apparet.
576 2498 710 2563 intonsa
722 2499 825 2579 igitur
838 2501 872 2562 in
882 2499 999 2562 mediis
1011 2495 1155 2562 tenebris
1165 2504 1381 2577 spectantur

175 2611 290 2682 Astra,
307 2609 415 2669 crines
432 2613 544 2668 tamen
561 2608 697 2669 illorum
715 2608 835 2669 diurna
853 2607 913 2669 lux
930 2607 1089 2671 abradere
1103 2611 1229 2689 potest;
1245 2616 1286 2676 at
1302 2630 1377 2679 non

177 2717 238 2779 lux
264 2715 328 2777 ista
342 2719 490 2789 tantum,
503 2714 559 2777 sed
578 2717 687 2778 tenuis
703 2732 833 2796 quoque
849 2717 1029 2794 nubecula,
1048 2735 1122 2799 que
1149 2718 1241 2781 inter
1267 2720 1380 2789 Sidus

174 2832 208 2894 et
226 2826 364 2892 oculum
383 2824 573 2906 aspicientis
591 2825 834 2907 interponatur;
850 2827 938 2892 idem
948 2845 1080 2908 quoque
1091 2831 1257 2909 prestant
1266 2832 1379 2915 nigra

175 2940 359 3014 velamina,
377 2955 416 3002 ac
435 2936 525 2999 vitra
542 2937 704 3012 colorata,
724 2956 866 3018 quorum
887 2939 1019 3020 objectu
1047 2944 1145 3019 atque
1178 2939 1379 3023 interposi-

173 3053 262 3117 tione
290 3049 485 3114 circumfusi
514 3048 659 3128 fulgores
692 3048 808 3113 Stellas
838 3050 1002 3113 deserunt.
1033 3049 1104 3114 Hoc
1127 3048 1215 3111 idem
1234 3053 1379 3129 pariter

173 3161 273 3224 elficit
304 3162 547 3241 Perspicillum;
580 3160 673 3240 prius
704 3161 793 3223 enim
815 3160 997 3224 adscititios
1020 3159 1319 3241 accidentalesque
1354 3184 1377 3230 a

175 3270 284 3337 Stellis
295 3270 438 3350 fulgores
448 3271 578 3346 adimit,
591 3271 726 3335 illarum
738 3271 813 3335 inde
824 3271 976 3353 globulos
995 3271 1160 3350 simplices
1180 3264 1224 3351 (si
1243 3275 1377 3339 tamen

173 3381 283 3460 figura
301 3378 424 3442 fuerint
441 3381 596 3469 globosa)
619 3389 733 3465 auget,
760 3388 859 3463 atque
882 3382 964 3446 adeo
987 3380 1169 3445 secundum
1193 3380 1376 3451 minorem

173 3488 453 3570 multiplicitatem
482 3492 624 3555 adaucta
654 3493 818 3556 videntur.
851 3491 987 3555 Stellula
1018 3492 1107 3555 enim
1136 3491 1263 3571 quintae
1305 3503 1376 3564 aut

174 3607 276 3665 sextae
296 3602 548 3682 magnitudinis,
567 3618 625 3681 per
643 3600 871 3680 Perspicillum
890 3600 978 3674 visa,
993 3607 1165 3681 tamquam
1188 3605 1375 3681 magnitu-

173 3712 260 3776 dinis
276 3712 391 3792 primae
409 3713 672 3793 repraesentatur.

262 3822 483 3886 Adnotatione
512 3837 642 3902 quoquc
671 3819 808 3902 dignum
831 3822 963 3887 videtur
986 3839 1056 3887 esse
1075 3823 1251 3887 discrimen
1271 3824 1371 3895 inter

175 3932 402 4006 Planetarum,
423 3939 521 4013 atque
539 3932 683 3996 fixarum
702 3931 881 3999 Stellarum
899 3941 1061 4016 aspectus.
1092 3935 1235 3998 Planetae
1267 3940 1368 4007 enim

174 4040 325 4120 globulos
342 4059 418 4106 suos
432 4046 548 4105 exacte
567 4043 724 4106 rotundos
746 4063 786 4108 ao
813 4046 993 4109 circinatos
1006 4046 1181 4128 objiciunt,
1197 4064 1236 4108 ac
1251 4051 1364 4116 veluti

174 4151 312 4215 Lunulae
327 4151 480 4230 quaedam
496 4150 642 4230 undiquc
658 4153 781 4218 lurrrine
797 4153 951 4235 perfusa,
961 4158 1166 4222 orbiculares
1181 4168 1364 4237 apparent:

175 4263 250 4325 fixae
280 4280 360 4326 vero
390 4260 498 4325 Stella
522 4261 720 4343 peripbaeria
746 4264 905 4327 circulari
932 4284 1142 4348 nequaquam
1172 4268 1363 4336 terminatae

174 4373 438 4453 conspiciuntur,
457 4371 512 4434 sed
532 4371 635 4435 veluti
658 4370 803 4452 fulgores
831 4375 966 4455 quidam
998 4376 1108 4439 radios
1137 4378 1362 4447 circumcirca
