3304 5282
316 375 381 438 27⁶2
700 387 802 433 suctos
824 387 928 434 essese
951 388 989 434 ιε
1012 387 1111 434 ascet

316 531 436 608 quanio
458 525 561 586 missus
581 522 692 586 labem
714 525 825 602 poterit
848 523 1079 595 intellectivam,
1110 524 1158 584 nis
1185 521 1272 604 loom
1300 522 1503 599 nobiliorem,

317 635 488 702 secundum
505 650 604 714 uuam
620 641 783 696 moveatur
813 631 853 694 ab
881 632 1100 714 inlellipentla,
1130 641 1166 694 ut
1193 631 1310 696 datum
1334 635 1398 696 est?
1419 631 1505 710 ΟΜ

253 730 257 743 ’
317 748 423 813 omnia
440 752 629 824 arpumenta
647 742 745 805 allata
773 751 862 817 sunt,
890 752 926 808 ut
957 741 1079 813 abunde
1109 742 1335 818 ostenderetur,
1369 743 1506 810 Terram

318 875 381 924 uon
395 873 484 938 posse
502 855 620 917 moueri
636 853 832 934 perenniter,
856 859 892 916 ut
914 861 1004 918 astra
1031 851 1171 934 reliqua:
1200 851 1285 928 dict,
1312 860 1348 916 ut
1376 852 1506 918 abunde

316 966 544 1038 ostenderetur:
558 981 645 1038 nam,
660 963 803 1043 quamuis
820 972 930 1026 contra
944 961 1148 1044 Copernicum
1157 963 1346 1044 satissulsset
1356 961 1507 1044 produc,

321 1075 452 1141 Terram
471 1091 535 1138 non
551 1090 637 1154 posse
652 1073 835 1154 perenniter
852 1073 970 1138 moueri
992 1091 1013 1136 a
1032 1081 1165 1146 natura,
1188 1089 1262 1136 cum
1289 1073 1354 1154 ipse
1381 1081 1505 1138 statuat

318 1195 436 1252 erolum
453 1181 639 1249 circularem
657 1184 692 1246 in
715 1179 816 1245 Terra
835 1200 898 1246 esse
917 1199 938 1246 a
956 1190 1092 1256 naturas
1111 1191 1228 1255 larun,
1248 1182 1359 1264 nequis
1371 1182 1501 1254 diceret,

325 1297 455 1362 Terram
472 1291 590 1359 circulo
605 1293 788 1374 perenniter
805 1293 925 1356 uwoeri
939 1291 980 1356 ab
994 1291 1213 1372 intellipenlia,
1228 1293 1323 1355 sicuti
1334 1301 1504 1373 moventur

319 1417 421 1472 cetera
433 1415 536 1476 astra,
556 1403 641 1468 uolui
655 1405 751 1467 etiam
763 1402 939 1478 ostendere,
956 1401 1144 1466 nullomodo
1159 1411 1280 1466 nutum
1292 1403 1377 1466 lsune
1395 1401 1502 1468 Terra

315 1535 402 1602 posse
421 1523 589 1598 competere
609 1529 708 1595 nepae
726 1513 766 1576 ab
795 1511 1004 1593 intellipentia
1032 1511 1151 1594 aliqua.
1180 1509 1323 1594 efferam
1347 1521 1505 1593 praterea

318 1629 406 1694 aliud
421 1632 659 1708 arpumsntum,
679 1593 778 1706 supra
795 1621 928 1688 allatum
945 1639 986 1687 ec
1001 1619 1181 1696 Aristotele,
1201 1621 1337 1687 seeundo
1353 1621 1389 1686 de
1406 1621 1504 1698 Goelm

319 1757 441 1822 nmnpe,
459 1735 589 1820 quodsi
612 1731 712 1800 Terra
729 1741 919 1807 moueretur,
939 1741 969 1796 et
989 1741 1078 1797 motu
1095 1731 1171 1796 adeo
1191 1732 1299 1806 ueloci,
1324 1741 1401 1798 tunc
1420 1751 1506 1816 pan-

318 1849 411 1922 dera,
437 1847 578 1930 proiecta
600 1843 640 1908 ab
663 1842 770 1926 clipuo
797 1845 922 1925 sipnato
951 1842 1014 1908 loeo
1047 1839 1166 1916 Terra,
1198 1861 1263 1907 non
1290 1843 1438 1910 caderent
1464 1844 1507 1909 ad

315 1955 570 2041 perpendiculum
598 1971 693 2036 super
722 1953 826 2019 eadem
856 1953 934 2019 locos
962 1955 1054 2036 cujus
1082 1953 1278 2019 eontrarium
1309 1956 1505 2036 cupcments'u

319 2067 471 2132 videmus.
489 2063 595 2145 Neque
613 2063 719 2128 ualida
737 2073 781 2128 est
798 2066 970 2148 responsio,
995 2081 1116 2146 nempe,
1146 2063 1277 2146 lapidem
1303 2067 1504 2149 circumferri

319 2175 359 2239 alr
377 2192 464 2246 aere,
483 2176 540 2254 qui
559 2183 700 2238 neooetur
717 2175 760 2240 ad
776 2183 895 2239 motum
916 2173 1038 2240 Terra:
1063 2191 1154 2249 nam,
1179 2183 1237 2238 aut
1262 2174 1331 2240 talis
1356 2191 1411 2240 aer
1437 2179 1504 2242 cir-

319 2284 506 2348 cumductus
523 2283 565 2347 ad
582 2292 703 2350 motum
725 2283 830 2350 Terra
849 2304 914 2350 non
928 2293 974 2350 est
991 2285 1145 2368 sufficiens
1161 2283 1276 2367 lapides
1290 2287 1507 2371 circumferre,

318 2403 348 2456 et
368 2403 443 2458 tune
463 2394 541 2476 lapis
559 2395 666 2458 statim
679 2395 781 2470 cadet,
803 2407 898 2480 atque
914 2397 961 2461 ita
975 2413 1040 2460 non
1054 2393 1142 2460 cadet
1155 2411 1250 2478 super
1262 2396 1370 2460 eodem
1382 2399 1508 2480 slpnato

319 2505 399 2578 loco:
412 2514 469 2570 aut
485 2513 530 2570 εει
544 2505 697 2588 sufficiens
715 2505 846 2588 lapidem
860 2507 1077 2589 circumferre,
1097 2513 1259 2587 mmpucm
1272 2504 1409 2572 ualidior
1421 2517 1508 2574 motu

318 2617 429 2701 lapidis
447 2636 511 2701 pua
530 2617 607 2699 lapis
627 2617 725 2682 tendit
743 2617 903 2692 deorsum,
919 2626 951 2681 et
969 2625 1045 2682 tuuc
1062 2625 1120 2680 aut
1139 2615 1215 2698 lapis
1232 2633 1402 2699 nunquam
1418 2618 1507 2682 radet

319 2727 410 2811 (cum
429 2728 499 2792 talis
517 2733 620 2789 motus
638 2727 721 2790 aeris
740 2726 947 2789 circumducti
964 2743 1082 2806 semper
1110 2727 1216 2800 duret,
1245 2727 1506 2808 quemadmodum

318 2847 348 2901 ει
365 2844 468 2900 motus
491 2833 631 2918 Terra),
649 2843 707 2898 aut
726 2835 835 2898 saliem
849 2844 918 2916 post
934 2833 1060 2916 lonpum
1076 2845 1194 2918 tempus
1213 2837 1300 2901 cadet
1316 2834 1371 2922 (1).
1392 2835 1504 2912 θυαε

319 2947 400 3012 idem
419 2946 611 3026 contiuperet
631 2943 666 3008 de
685 2943 783 3026 lapide
799 2945 950 3028 projecto,
969 2945 1052 3028 quod
1070 2947 1222 3028 continpit
1239 2947 1274 3011 de
1293 2965 1377 3030 apua
1389 2951 1425 3012 in
1440 2947 1505 3012 ele·

318 3057 437 3139 pspdra
460 3063 619 3126 contenta,
643 3071 741 3136 quam
770 3073 869 3137 nepote
898 3057 1024 3121 inuersa
1053 3056 1218 3139 clepsydra
1245 3075 1299 3122 ore
1326 3058 1506 3125 descendere

321 3169 474 3240 uidemus,
492 3167 521 3230 sl
539 3165 700 3248 clepsydra
718 3165 813 3231 oelocl
831 3175 919 3229 motu
936 3167 973 3231 in
990 3187 1106 3250 pyrum
1134 3167 1403 3234 circumducatur.
1433 3169 1507 3244 aa,

317 3289 484 3358 praterea,
516 3285 545 3340 et
568 3286 791 3358 arpumentum
813 3276 892 3342 illud
913 3278 1140 3342 calidissimum
1162 3277 1336 3352 Ptolemas',
1361 3281 1447 3362 quod
1468 3299 1509 3345 eu

323 3397 386 3450 tum
406 3387 501 3450 ueloci
523 3385 628 3450 Terra
650 3397 737 3452 motu
763 3387 804 3451 at
832 3389 985 3453 occidente
1014 3391 1049 3452 ln
1077 3390 1196 3462 oriens,
1226 3391 1326 3470 spatio
1355 3391 1509 3456 leorarean

318 3497 570 3577 ulplntipuatuar
589 3493 700 3578 (cujus
718 3499 908 3563 uelocitatem
919 3497 998 3563 nulli
1009 3499 1065 3562 alii
1076 3497 1265 3562 uelocissimo
1278 3502 1394 3573 nwtui,
1412 3517 1453 3563 ea
1467 3501 1506 3562 iis

323 3623 401 3689 quas
418 3606 612 3686 cooperimur,
630 3607 804 3672 assimilare
819 3608 897 3693 est),
913 3611 1021 3672 omnia
1035 3625 1105 3690 qua
1121 3613 1154 3674 ln
1173 3607 1272 3672 Terra
1285 3619 1363 3672 sunt
1377 3609 1506 3694 adificiis

316 3721 387 3800 jam
404 3717 592 3782 corruissent
609 3713 667 3802 (2),
695 3721 838 3799 quinimo
865 3721 994 3799 ipsamet
1029 3717 1127 3784 Terra
1150 3719 1221 3800 jam
1240 3720 1363 3784 diotelsa
1384 3729 1463 3785 esset
1481 3731 1508 3786 ει

321 3829 480 3912 dissipatu.
500 3825 645 3892 Ridenda
663 3837 768 3891 autem
790 3837 834 3891 est
855 3826 1018 3909 Caperniei
1036 3831 1194 3912 responsio
1215 3829 1257 3893 ad
1276 3831 1349 3904 noc:
1377 3835 1509 3906 scilieet,

322 3941 356 4006 td
373 3959 437 4006 nou
454 3942 536 4024 fieri,
557 3939 634 4020 quia
651 3949 754 4004 motus
773 3939 821 4003 ltio
849 3937 954 4003 Terra
977 3950 1020 4004 εει
1042 3939 1215 4013 naturalis,-
1233 3939 1318 4022 quod
1338 3951 1444 4004 autem
1462 3951 1509 4004 est

323 4049 480 4122 naturale,
500 4052 751 4115 conservativum
770 4059 828 4123 est,
848 4069 912 4115 non
930 4050 1163 4115 destructiuum.
1178 4049 1277 4124 Nam,
1294 4062 1509 4133 praterpuam

323 4160 406 4242 quod
423 4161 506 4242 [also
523 4170 566 4224 εει
585 4161 648 4223 liae
667 4163 824 4242 responsio
844 4161 934 4245 (cum
951 4165 1051 4227 munis
1067 4172 1168 4227 motus
1183 4164 1308 4246 dissipet
1323 4172 1350 4228 et
1365 4161 1506 4236 diuellat,

397 4431 429 4488 (ι)
452 4429 511 4476 Vedi
522 4429 548 4475 la
559 4425 669 4475 Postilla
681 4423 717 4474 N⁰
729 4425 798 4474 XIX.

397 4509 429 4566 (t)
454 4505 511 4556 rede·
522 4505 547 4552 la
560 4503 668 4552 Postilla
681 4499 715 4548 lio
726 4502 781 4550 XX.
