3096 5154
583 332 811 382 asrnonomcus
833 331 958 382 nunnius
1317 319 1357 382 til

180 475 286 537 altera
313 480 392 535 vero
419 485 525 535 unum
552 469 711 552 spbaerice
737 489 941 547 convexum,
968 457 1110 537 alterum
1129 488 1209 536 vero
1238 492 1361 540 cavum

178 583 303 664 aptavi3
321 582 457 646 oculum
471 580 588 644 deinde
602 581 646 644 ad
658 599 780 647 cavum
794 583 974 649 admovens
987 582 1115 664 objecta
1140 583 1220 647 satis
1234 601 1356 665 magna

180 700 212 762 et
226 694 413 776 propinqua
430 691 571 756 intuitus
588 709 676 766 sum;
694 692 793 774 triplo
809 693 898 757 enim
916 692 1098 768 viciniora,
1115 695 1262 776 nonuplo
1280 712 1361 758 vero

176 805 307 886 majora
324 803 541 884 apparebant,
560 818 661 882 quam
679 801 760 866 dum
777 802 849 866 sola
865 803 1013 869 naturali
1031 803 1102 868 acie
1125 809 1366 886 spectarentur,

177 892 519 996 Aliumpostmcdum
528 912 740 982 ,exactiorem
757 913 839 977 mihi
858 914 1043 990 elaboravi,
1056 915 1114 996 qui
1128 914 1258 997 objecta
1271 916 1364 996 plus·

176 1044 278 1108 quam
309 1026 458 1106 sexagies
485 1024 615 1106 majora
643 1023 910 1105 representabat.
939 1024 1085 1089 Tandem
1113 1025 1207 1090 nullo
1227 1009 1360 1099 ''labori,

177 1137 342 1217 nullisque
353 1136 538 1216 sumptibus
549 1151 698 1216 parcens,
713 1151 754 1198 eo
769 1152 789 1198 a
803 1152 856 1198 me
871 1133 1048 1200 deventum
1063 1139 1123 1212 est,
1137 1141 1176 1200 ut
1189 1132 1361 1218 Organum

178 1248 260 1311 mibi
277 1246 523 1311 construxerim
540 1245 622 1309 adeo
638 1245 818 1321 excellens,
836 1251 875 1310 ut
886 1262 939 1310 res
952 1262 1010 1327 per
1024 1246 1133 1326 ipsum
1146 1245 1227 1309 visae
1242 1245 1362 1309 millies

178 1360 246 1422 fere
264 1359 406 1441 majores
422 1361 617 1439 appareant,
639 1375 679 1421 ac
697 1358 873 1438 plusquam
896 1356 931 1419 in
951 1354 1142 1437 terdecupla
1160 1356 1290 1420 ratione
1307 1356 1362 1419 vi·

179 1469 336 1542 cinicres,
354 1485 455 1548 quam
473 1467 501 1530 si
519 1466 664 1532 naturali
692 1472 824 1530 tantum
854 1467 1011 1532 facultate
1038 1471 1236 1546 spectentur.
1255 1466 1363 1550 Huius

178 1578 389 1643 instrumenti
407 1581 488 1658 quot
512 1580 701 1658 quantaque
718 1576 783 1640 sint
800 1576 976 1640 commoda
992 1582 1062 1640 tam
1081 1577 1114 1640 in
1135 1595 1171 1640 re
1199 1577 1362 1650 terrestri,

176 1706 277 1769 quam
300 1691 334 1752 in
358 1689 540 1763 maritima,
571 1687 706 1752 omnino
734 1703 1016 1768 supervacaneum
1043 1687 1128 1752 torel
1155 1704 1360 1751 enumerare.

177 1799 241 1864 Sed
258 1800 368 1862 missis
386 1798 545 1874 terrenis,
557 1798 600 1886 ad
618 1795 808 1863 Goelestium
828 1798 1068 1878 speculationes
1085 1815 1138 1860 me
1159 1797 1300 1862 contuli:
1324 1816 1363 1860 ac

176 1907 307 1973 Lunam
329 1910 421 1990 prius
443 1914 514 1973 tam
543 1926 586 1972 ex
613 1908 799 1990 propinquo
828 1926 902 1973 sum
932 1909 1088 1982 intuitus,
1117 1926 1159 1972 ac
1183 1909 1211 1972 si
1232 1908 1291 1972 vix
1307 1925 1367 1988 per

177 2017 261 2081 duas
273 2018 414 2083 Telluris
430 2018 689 2084 semidiametros
703 2019 841 2082 abesset.
855 2018 932 2084 Post
946 2019 1032 2084 hanc
1049 2018 1168 2084 Stellas
1182 2024 1255 2084 tum
1269 2018 1368 2091 lixas,

178 2136 250 2194 tum
264 2148 378 2211 vagas,
393 2131 577 2195 incredibili
595 2131 698 2195 animi
708 2130 919 2212 jucunditate
934 2131 1053 2212 saepius
1066 2131 1260 2206 observavi;
1270 2148 1368 2194 cum-

180 2256 243 2317 que
270 2239 390 2302 barum
418 2241 600 2303 maximam
627 2241 847 2321 frequentiam
875 2241 1040 2316 viderem,
1069 2240 1110 2305 de
1139 2241 1368 2321 rationeque

180 2347 317 2410 illarum
335 2347 511 2412 interstitia
528 2348 673 2411 dimetiri
690 2364 831 2429 possem,
849 2351 1039 2432 excogitare
1057 2353 1158 2432 coepi,
1179 2370 1219 2415 uc
1231 2351 1365 2417 demum

96 2528 103 2534 ,
178 2459 299 2539 reperi.
319 2455 392 2533 Qua
411 2456 451 2520 de
468 2475 503 2520 re
522 2458 668 2539 singulos
685 2460 899 2538 premonitos
916 2475 987 2524 esse
1005 2460 1114 2534 decet,
1129 2460 1187 2541 qui
1195 2461 1238 2524 ad
1247 2462 1367 2542 hujus-

178 2567 308 2630 cemodi
323 2568 569 2632 observationes
583 2567 741 2632 accedere
754 2568 883 2633 volunt.
904 2569 1016 2635 Primo
1035 2571 1123 2635 enim
1144 2572 1368 2635 necessarium

177 2685 241 2754 est,
251 2683 289 2745 ut
305 2679 367 2743 sibi
378 2679 605 2761 Perspicillum
615 2684 733 2761 parent
744 2680 1005 2757 exactissimum,
1014 2681 1104 2763 quod
1114 2680 1243 2763 objecta
1256 2680 1364 2762 pellu-

176 2790 262 2866 cida,
274 2790 450 2866 distincta,
464 2793 496 2853 et
511 2789 606 2854 nulla
628 2790 770 2871 callgine
791 2789 935 2856 obducta
950 2797 1172 2874 repraesentem
1191 2794 1370 2873 eademque

179 2901 220 2964 ad
232 2902 344 2966 minus
358 2901 540 2966 secundum
554 2901 862 2987 quatercentuplam
876 2902 1038 2966 rationem
1053 2902 1268 2983 multiplicet3
1285 2906 1368 2966 tunc

177 3015 266 3078 enim
278 3015 336 3077 illa
346 3013 538 3093 bisdecuplo
549 3012 710 3076 viciniora
721 3012 1002 3076 commonstrabit:
1013 3011 1078 3074 nisi
1090 3011 1179 3073 enim
1190 3011 1256 3074 tale
1268 3009 1368 3074 luerit

179 3125 449 3197 instrumentum,
466 3139 506 3185 ea
523 3121 736 3202 omniaque
756 3139 777 3185 a
794 3121 890 3185 nobis
908 3125 1085 3202 conspecta
1101 3125 1178 3184 sunt
1200 3119 1234 3182 in
1257 3117 1370 3194 Caelis,

181 3249 320 3315 quaeque
336 3232 423 3296 inira
437 3233 735 3307 enumerabuntur,
745 3232 867 3297 intueri
879 3231 1060 3296 tentabitur
1068 3230 1202 3295 imstra.
1209 3230 1252 3296 Ut
1258 3235 1371 3296 aulem

180 3343 220 3406 de
232 3343 509 3424 multiplicatione
524 3343 737 3409 instrumenti
749 3342 886 3423 quilibet
895 3359 1001 3423 parvo
1014 3342 1147 3424 negotio
1160 3344 1283 3407 certior
1293 3342 1369 3407 red·

179 3453 293 3527 datur,
311 3453 459 3516 circulos
474 3454 585 3531 binos,
604 3460 662 3520 aut
680 3454 844 3535 quadrata
861 3453 940 3516 bina
956 3452 1133 3518 chartacea
1145 3454 1369 3528 contomabit,

179 3581 324 3646 quorum
350 3564 494 3628 alterum
521 3565 765 3645 quatercenlies
790 3564 895 3628 altero
920 3562 1031 3644 maius
1051 3564 1188 3639 existat;
1207 3563 1242 3628 id
1259 3565 1370 3629 antelli

179 3677 242 3741 erit
259 3681 354 3751 tunc,
373 3694 452 3741 cum
469 3677 609 3758 majoris
631 3677 792 3740 diameter
815 3674 857 3739 ad
883 3673 1083 3740 diametrum
1107 3673 1243 3740 alterins
1264 3672 1372 3755 longi·

182 3787 298 3852 tudine
317 3786 417 3850 luerit
435 3787 625 3868 vigecupla;
644 3785 761 3850 deinde
779 3785 972 3867 superficies
989 3785 1105 3849 ambas
1124 3785 1158 3849 in
1177 3785 1293 3849 eodem
1311 3800 1372 3865 pa·

183 3898 265 3962 riete
283 3898 405 3960 infixas
435 3898 533 3962 simul
552 3897 686 3977 alonge
714 3897 891 3977 spectabit,
919 3895 1081 3960 minorem
1109 3895 1245 3977 quidem
1267 3894 1372 3959 allero

181 4009 279 4073 oculo
297 4009 340 4072 ad
358 4008 587 4090 Perspicillum
617 4006 765 4089 admoto,
796 4006 958 4089 majorem
984 4023 1066 4072 vero
1089 4007 1195 4071 altero
1212 4007 1311 4071 oculo
1328 4006 1372 4070 li-

179 4121 279 4185 bero:
310 4119 483 4184 commode
512 4120 600 4182 enim
630 4118 664 4182 id
693 4118 767 4182 fieri
796 4117 892 4190 licet,
919 4134 988 4183 unc
1016 4115 1195 4197 eodemque
1222 4120 1369 4197 tempore

179 4215 285 4296 oculis
315 4232 475 4296 ambobus
504 4229 685 4312 adapertis;
702 4235 782 4294 tunc
823 4229 912 4294 enim
941 4228 1056 4310 figurae
1087 4227 1192 4291 ambae
1220 4226 1367 4308 ejmdem

181 4346 385 4425 apparebunt
402 4341 655 4424 magnitudinis,
674 4342 702 4405 si
719 4339 890 4424 Organum
913 4339 1095 4406 secundum
1118 4344 1266 4423 optatam
1287 4352 1366 4417 pro-

182 4455 364 4532 portionem
379 4455 508 4537 objecta
521 4453 802 4536 multiplicaverit.
818 4451 989 4520 Consimili
1005 4456 1122 4534 parato
1137 4448 1367 4518 instrumento,
