3322 5278
319 345 388 416 tat
566 361 707 414 numne
730 359 861 412 manno
883 359 962 412 mu
983 359 1120 414 unacum
1142 357 1251 412 caeru

320 507 399 579 uro,
417 503 504 570 acuto
520 503 648 566 minime
677 501 868 568 innitentem
895 500 1068 576 attendent,
1088 507 1131 573 et,
1151 499 1233 583 quod
1250 497 1323 564 inde
1341 497 1501 580 requitur,

321 615 446 696 nipram
462 611 648 694 relinquent.
670 610 747 689 Quo
765 611 893 694 nipredo
906 611 1041 676 muttum
1052 609 1221 692 juvabitur
1239 607 1406 675 amaouio
1423 627 1503 674 can-

320 729 422 786 traeta
441 721 477 784 in
498 721 635 803 epatium
662 721 829 804 onpurtiuc
859 721 1075 804 amplitudine,
1105 728 1233 802 propter
1260 728 1380 784 motum
1409 739 1503 802 quem

315 830 440 912 perapit
458 831 543 894 circa
560 827 676 904 Soiem,
696 839 733 894 ut
750 831 995 896 demonstratum
1013 832 1048 894 in
1067 827 1175 895 tabula
1193 829 1285 894 edita

406 937 529 1004 Radius
551 958 624 1004 cero
645 939 791 1023 011,ᾳαί
811 940 969 1006 maculam
987 939 1289 1022 perpendiculariter
1315 939 1500 1006 irradiando

319 1065 388 1113 una
405 1067 477 1113 cum
494 1051 607 1116 uicinis
623 1051 793 1133 sortierime
822 1051 974 1127 illustrat,
1001 1051 1044 1116 ad
1071 1050 1197 1116 oculum
1213 1049 1246 1114 F
1263 1067 1428 1134 nunquam
1444 1069 1501 1116 re-

318 1157 488 1240 srinpitur,
505 1159 633 1242 ideoque
649 1161 805 1245 nidificota
823 1163 918 1226 etiam
934 1161 1060 1226 macula
1078 1163 1113 1226 in
1132 1163 1187 1226 tor
1204 1163 1309 1244 poritu
1326 1181 1389 1226 non
1405 1170 1501 1228 nota·

321 1276 385 1334 tur.
402 1265 500 1334 Secur
518 1278 576 1344 eu,
595 1271 721 1352 quando
738 1271 864 1336 macuta
880 1269 1017 1336 medium
1030 1268 1113 1338 Sottr
1127 1270 1170 1335 ad
1179 1279 1336 1354 punctum
1353 1269 1375 1336 I
1390 1269 1504 1336 rumn-

321 1380 466 1451 traverit:
484 1387 559 1444 tuno
581 1382 679 1455 enim,
709 1383 787 1464 puio
802 1382 888 1446 anit
920 1379 985 1455 CF,
1008 1398 1077 1445 una
1098 1399 1171 1446 cum
1188 1376 1240 1444 IF
1258 1387 1288 1445 et
1307 1377 1368 1444 ΚΡ
1386 1379 1503 1456 rodite,

320 1496 385 1554 tom
402 1489 444 1553 od
459 1489 616 1554 maculam
633 1508 729 1572 auam
747 1491 790 1554 od
806 1490 932 1556 acutum
949 1491 1195 1573 orthoponaiiter
1212 1491 1368 1574 pervenit,
1386 1489 1506 1556 idcirco

318 1601 366 1682 fit,
395 1608 432 1664 ut
458 1601 581 1675 mutue,
610 1600 764 1684 quidquid
788 1617 895 1665 recum
924 1600 1007 1666 radii
1036 1602 1182 1684 inferunt
1214 1601 1249 1664 iu
1277 1599 1435 1665 maculam
1461 1619 1505 1666 ecc

319 1709 448 1776 abcerra
466 1707 533 1776 Soti
547 1719 639 1793 porte
658 1711 802 1785 duminio,
817 1711 851 1774 id
879 1708 1168 1776 rutoceeuriueeute
1196 1717 1296 1784 notet,
1327 1709 1457 1792 ideoque
1474 1718 1506 1774 et

318 1822 476 1887 maculam
487 1820 638 1888 nonnutto
648 1821 781 1886 dilutam
794 1821 929 1886 caudore
943 1820 1093 1893 attendat,
1108 1819 1202 1884 aiiter
1216 1837 1313 1902 quom
1327 1821 1453 1885 eoeniot
1468 1821 1506 1884 in

315 1941 435 2014 puncto
453 1930 485 1995 D
504 1939 534 1996 et
550 1929 596 2005 Ε,
625 1949 696 1996 cum
721 1930 807 1996 radii
824 1929 886 1996 BF
904 1939 933 1995 et
949 1929 1017 2005 ΕΡ,
1035 1929 1073 1996 ab
1090 1930 1143 1994 oui
1160 1927 1360 2004 debilitatem,
1379 1929 1427 1994 nii
1442 1938 1506 1994 aut

316 2059 435 2122 parum
453 2050 518 2106 tam
535 2041 570 2104 in
587 2041 714 2106 macuta
732 2059 830 2123 quam
847 2043 883 2107 in
899 2041 988 2106 oculo
1003 2041 1132 2123 porrint.

408 2148 552 2214 Etenanc
570 2167 625 2232 epo
638 2151 837 2233 pitanomeui
852 2151 1015 2234 praeemit
1033 2153 1190 2216 rationem
1208 2153 1349 2235 mcipno,
1371 2169 1457 2234 quo,
1473 2153 1506 2216 ri

320 2259 451 2326 macuta
469 2262 505 2324 in
522 2257 626 2324 Solem
644 2261 903 2336 introducantur,
924 2261 1025 2326 locum
1042 2279 1107 2326 non
1124 2261 1228 2338 nabet,
1247 2271 1277 2326 et
1294 2271 1417 2336 tannen,
1435 2281 1508 2345 pua

321 2387 420 2436 causa
434 2371 592 2436 commodo
606 2370 695 2436 obvio
709 2372 781 2437 nuic
797 2371 918 2456 effectui
931 2373 1125 2454 arripnetun
1141 2390 1207 2438 non
1224 2381 1278 2437 eet.
1295 2369 1385 2448 Ouin
1400 2375 1507 2447 etiam,

322 2487 350 2550 ei
367 2483 496 2550 macula
507 2487 554 2550 do
572 2493 672 2550 rorent
689 2487 725 2550 in
743 2483 814 2550 Sole
833 2485 930 2550 ueluti
949 2483 1070 2550 lacuna
1089 2483 1246 2564 quadam
1265 2491 1422 2566 oporteret
1439 2501 1507 2558 coc,

323 2596 452 2671 directo,
475 2597 559 2678 quod
576 2599 611 2660 e'n
631 2595 730 2660 medio
750 2593 820 2660 Sote
839 2598 939 2680 fieret,
959 2596 1056 2668 visas,
1080 2592 1273 2658 obscuriores
1288 2595 1388 2658 mutto
1405 2611 1508 2676 oppa-

321 2724 390 2771 rere
410 2705 477 2791 (uti
493 2707 689 2787 cooperientia
706 2706 892 2786 quotidiana
909 2708 945 2769 in
959 2705 1030 2771 aiiii
1048 2713 1216 2770 attentatur
1217 2705 1234 2791 )
1252 2723 1352 2788 quam
1368 2704 1507 2788 odiique,

323 2815 407 2900 quod
420 2817 456 2880 in
470 2816 619 2879 eutremir
633 2813 800 2878 aociwet:
814 2816 898 2879 ratio
916 2815 1009 2896 cujac
1027 2817 1074 2881 rei
1091 2823 1150 2890 ert,
1171 2815 1255 2898 quod
1265 2815 1420 2888 inmedio,
1440 2823 1509 2880 toto

323 2943 431 3010 operm
450 2923 534 2990 iiiior
548 2922 767 3006 profunditur,
785 2925 821 2987 in
839 2931 988 2999 ecrremo,
1006 2925 1307 2990 cotimaororotum
1324 2927 1406 2992 citui
1423 2924 1509 3006 oip'i-

324 3046 458 3104 cerotur.
475 3033 583 3110 Dices,
606 3032 710 3098 radim
735 3033 865 3099 director
888 3052 911 3099 a
931 3032 1002 3100 Sole
1020 3036 1120 3101 medio
1138 3038 1174 3100 in
1191 3035 1318 3102 acuium
1334 3038 1460 3110 mittor,
1479 3043 1509 3100 et

324 3155 454 3212 autrum
472 3144 550 3211 iiiud
567 3146 819 3218 cinamomum,
838 3146 969 3228 efficere,
990 3155 1027 3211 ut
1041 3148 1148 3212 ocutue
1164 3149 1330 3231 consertam
1345 3147 1511 3230 quandam

326 3258 545 3339 turem,rpeeui
556 3255 602 3320 itti
612 3254 883 3330 oberrantemribi
895 3257 998 3322 cidere
1009 3257 1511 3342 umoeurJtupendeoprtmnn,

325 3384 384 3429 cur
401 3367 434 3428 id
451 3368 545 3428 etiam
560 3383 639 3440 non,
657 3375 687 3430 et
703 3366 801 3432 muita
817 3369 933 3450 mapa,
948 3368 1082 3443 accidat,
1097 3369 1223 3435 macuto
1237 3373 1272 3436 in
1287 3373 1380 3436 exitu
1394 3371 1446 3437 oei
1458 3373 1509 3436 in-

324 3491 435 3558 arecru
448 3476 822 3559 constituto,‘proecertim
840 3479 925 3561 quod
939 3497 997 3544 ora
1014 3487 1137 3545 tantum
1148 3483 1236 3548 antri
1247 3481 1332 3546 ffliur
1344 3479 1508 3547 uideatur?

326 3584 506 3667 Rerpondeo
530 3587 716 3662 seeundum,
744 3589 902 3656 maculam
918 3589 960 3665 B,
978 3591 1130 3658 diametro
1146 3591 1419 3675 subquadrupiam
1437 3607 1506 3654 nea-

327 3697 404 3762 cuta
414 3725 450 3783 μ,
462 3698 497 3762 iu
507 3697 607 3762 medio
619 3695 690 3762 Sale
703 3700 876 3779 niariorem
891 3701 991 3783 suiere
1002 3711 1203 3784 quameotro
1218 3702 1370 3778 medium.
1388 3701 1507 3784 niario-

325 3828 393 3876 rem
414 3811 510 3874 etiam
532 3827 628 3890 quam
648 3810 747 3891 feurit
775 3809 902 3874 macuto
918 3837 941 3896 μ
958 3813 995 3876 in
1012 3813 1126 3887 medio,
1146 3831 1219 3878 cum
1247 3819 1354 3878 monn
1371 3829 1394 3877 a
1410 3809 1506 3877 rodite

327 3919 534 4002 circumjectis
558 3928 685 4003 propter
705 3921 757 3984 rui
771 3922 961 4002 parcitatem
980 3931 1045 3988 tota
1062 3925 1161 4006 fuerit
1178 3923 1382 3990 nitorimdo.
1400 3921 1509 3987 Batra

327 4026 430 4095 Solem
452 4049 524 4114 erpo
553 4039 713 4114 capantur
741 4048 872 4114 corpora
901 4033 963 4099 iero
991 4035 1168 4118 umbrifera
1195 4037 1244 4102 cet
1270 4055 1312 4102 ec
1341 4037 1395 4102 tur
1411 4035 1510 4100 etiam

319 4141 522 4222 pnoenorncno
541 4161 605 4208 non
621 4143 831 4224 infrequenti,
843 4143 945 4224 iurato
963 4143 1096 4210 nonme
1114 4143 1146 4210 8.
