3096 5154
509 341 547 385 oe
571 339 775 388 easanouttnss
801 340 829 389 nt
853 339 933 386 osse
958 340 1043 385 sunm
1298 314 1361 386 307

186 480 355 560 recipiatur
370 475 580 539 mediantibus
598 476 859 550 dimensionibus,
879 485 914 540 ut
933 476 1036 540 docuit
1050 473 1143 538 Acer.
1155 475 1207 537 lib.
1219 477 1254 539 de
1266 477 1361 541 subst.
1439 478 1446 489 '

184 588 248 654 orb.
267 605 335 668 cap.
354 586 392 659 t,·
410 586 478 665 ejus
497 586 582 648 enim
598 585 703 666 [mnia
720 602 784 648 non
799 586 911 665 pendet
929 603 950 648 a
967 587 1110 659 necteria,
1128 601 1227 666 neque
1246 591 1363 650 consti-

183 699 286 762 tuitur
307 714 365 777 per
392 696 569 759 materians.
602 690 693 768 Quod
722 695 750 756 si
779 695 940 774 quantitas
969 702 1044 759 actu
1062 713 1126 759 non
1141 698 1282 777 competit
1300 700 1362 760 nisi

181 806 367 873 substantias
385 813 475 877 actu,
494 822 566 884 erqo
583 805 745 884 quantitas
764 811 840 866 actu
867 806 1010 884 competit
1029 807 1148 887 primo,
1178 814 1208 870 et
1231 823 1289 886 per
1316 823 1362 879 se,

182 915 366 983 substantia
390 922 481 979 actu:
509 912 562 976 illa
591 921 697 976 autem
727 911 844 976 dicitur
854 914 974 993 primo,
992 921 1020 976 et
1034 932 1093 994 per
1106 931 1152 987 se,
1170 914 1361 987 substantia,

182 1045 253 1110 quse
269 1044 337 1090 nnn
354 1025 478 1089 ratione
491 1023 635 1103 partium
653 1029 698 1085 cst
715 1021 902 1085 substantia.
912 1019 997 1103 >Dico
1011 1031 1118 1089 autem
1131 1027 1250 1106 prinis,
1265 1033 1294 1087 et
1304 1042 1362 1106 per

181 1154 214 1202 se
227 1136 451 1205 substantiam,
469 1151 533 1197 uon
547 1134 653 1213 primo
671 1139 809 1204 tantum,
828 1134 909 1212 quia
923 1134 1032 1212 prima
1049 1132 1242 1207 substantia,
1258 1143 1294 1198 ut
1308 1137 1362 1199 in·
1408 1195 1411 1202 .

183 1245 362 1318 diuiduum,
373 1243 550 1307 substantia
559 1251 605 1306 est
620 1242 802 1323 cosnpositas
820 1259 933 1322 quare,
952 1244 1010 1306 etsi
1028 1242 1152 1308 dicatur
1164 1245 1272 1325 prima
1285 1245 1362 1309 sub-

183 1356 317 1426 stantia,
333 1363 436 1419 tantm
450 1371 516 1417 non
530 1352 648 1417 dicitsn
659 1369 717 1433 per
731 1370 763 1414 se
778 1349 968 1424 substantia,
988 1353 1066 1432 quia
1082 1361 1129 1417 est
1145 1354 1268 1418 ratione
1281 1373 1362 1435 par·

182 1467 275 1537 tium,
294 1464 445 1537 materia,
464 1463 593 1535 initiant,
612 1471 641 1525 et
657 1463 782 1543 sonna,
801 1480 841 1526 ea
859 1461 974 1543 quibus
1004 1463 1217 1527 constituitur.
1248 1463 1361 1528 Prima

181 1575 333 1657 quomodo
359 1574 521 1655 quantitas
549 1579 695 1653 competet
721 1573 833 1653 prima
861 1580 891 1636 et
914 1589 974 1653 per
1002 1589 1033 1636 ss
1061 1571 1258 1647 substantia,
1286 1582 1360 1639 actu

181 1683 375 1759 subsistenti,
396 1692 426 1750 et
442 1683 599 1749 substanti
617 1684 726 1747 ceteris
743 1681 973 1747 occidentibus:
991 1681 1064 1747 talis
1083 1691 1191 1746 autem
1211 1682 1360 1748 substan-

181 1797 227 1860 tia
242 1813 308 1860 non
326 1802 371 1858 est
387 1796 453 1861 nisi
471 1793 650 1859 substantia
659 1794 797 1875 corporis
808 1793 1045 1874 simplicissimi,
1056 1810 1130 1874 erqo
1138 1793 1243 1881 prima
1255 1811 1361 1874 quan-

180 1904 253 1971 titas
269 1922 336 1973 nen
350 1911 451 1985 potest
469 1912 725 1985 sempeternum
743 1904 913 1979 inbarere,
936 1904 1001 1967 nisi
1021 1901 1204 1968 substantia
1221 1905 1359 1984 corporis

179 2013 409 2096 simplicissimi.
442 2012 562 2096 Corpus
591 2031 665 2095 erqo
692 2014 956 2095 simplicissimum
979 2015 1097 2095 primo,
1115 2022 1280 2095 mperes,
1300 2016 1360 2078 erit

180 2141 308 2205 carpus,
326 2124 502 2205 cuiusmodi
519 2142 643 2189 necesse
662 2133 707 2188 est
721 2127 762 2192 sit
780 2142 892 2205 corpus
910 2124 1041 2198 caleste,
1059 2125 1143 2207 quod
1159 2125 1360 2206 estprimum

182 2241 212 2300 et
225 2232 452 2299 nobilissimum
465 2252 587 2315 corpus.
613 2231 704 2308 Quod
721 2235 750 2297 si
767 2251 879 2314 corpus
897 2234 1024 2315 aliquod
1041 2235 1243 2300 statuendum
1260 2242 1319 2307 est,
1338 2252 1359 2298 a

182 2359 246 2424 qtta
262 2349 408 2407 sumatur
424 2343 505 2408 ratio
521 2345 643 2423 qenesis
662 2346 697 2410 in
717 2345 875 2426 cateqoria
892 2343 1090 2419 substantia,
1105 2346 1160 2411 boc
1185 2347 1245 2409 erit
1270 2346 1358 2410 cale-

181 2461 228 2518 ste
245 2471 371 2536 corpus,
386 2456 439 2519 cui
452 2453 658 2519 dissensiones
677 2457 853 2520 terminata
868 2456 985 2536 prinso,
1005 2463 1034 2518 et
1051 2472 1162 2536 perse,
1173 2462 1357 2534 cmopetuut,

179 2581 246 2629 non
273 2565 395 2629 ratione
424 2566 578 2645 partium,
607 2576 644 2630 ut
669 2567 705 2629 in
732 2565 911 2648 corporibus
939 2562 1181 2646 qeuerabilibus,
1201 2581 1274 2628 cum
1292 2562 1359 2627 cali

177 2672 283 2755 torma
300 2690 365 2739 non
379 2675 553 2755 recipiatur
574 2677 609 2740 in
633 2677 768 2740 numeria
794 2675 1004 2740 mediantibus
1033 2672 1293 2747 dimensionibus,
1323 2681 1358 2736 ut

179 2781 263 2846 docet
279 2779 376 2847 Acer.
390 2784 556 2864 pracitato
572 2784 649 2857 loco:
666 2785 733 2865 ejus
748 2786 833 2849 enim
849 2786 954 2866 tornea
971 2803 1036 2851 non
1050 2783 1162 2866 pendet
1177 2801 1199 2848 a
1213 2784 1357 2853 materia,

179 2909 235 2957 asc
251 2894 456 2959 constituitur
468 2911 529 2974 per
545 2897 720 2960 materiam.
738 2894 795 2963 tta
813 2896 861 2960 bis
875 2902 982 2958 autem
996 2896 1071 2959 satis
1083 2893 1274 2958 declaratum
1285 2893 1357 2955 ecci-

179 3002 271 3065 stinso
287 2999 461 3085 (quantum
481 3003 709 3085 pbilosopllanti
726 3005 761 3067 in
780 3021 814 3067 re
833 3003 1013 3086 difficillima
1030 3013 1060 3069 et
1077 3003 1299 3067 obscurissima
1315 3001 1357 3082 li·
1401 3019 1404 3025 ·

181 3109 262 3196 cst),
279 3113 358 3179 nibil
385 3131 450 3181 esse
472 3114 648 3181 absurdum
666 3115 701 3178 in
719 3115 777 3178 bac
794 3116 965 3190 sententia,
983 3131 1080 3196 quam
1100 3130 1174 3177 cum
1191 3110 1355 3175 Aristotele

180 3223 362 3297 statuimus,
380 3225 462 3306 quod
479 3242 592 3306 corpus
610 3223 738 3298 coteste,
764 3226 907 3307 quamvis
933 3232 1098 3291 extensum
1127 3232 1157 3286 et
1183 3229 1354 3304 quantum,

180 3347 247 3397 nan
264 3333 305 3396 sit
321 3351 362 3398 esc
376 3336 513 3401 mmeria
531 3343 561 3397 et
576 3336 682 3416 [arena
699 3336 910 3416 compositum.
929 3333 992 3400 Nec
1009 3336 1116 3399 minus
1133 3340 1356 3415 arqumentum

180 3456 238 3504 nos
267 3443 476 3535 cmnnsoeebit,
508 3462 545 3507 ea
574 3447 755 3526 impuritate
785 3445 907 3510 lunaris
925 3446 1062 3527 corporis
1083 3445 1275 3516 desumtumc
1292 3443 1356 3505 bac

179 3552 266 3615 enim
294 3553 461 3634 impuritas
489 3554 571 3619 nibil
590 3555 677 3622 aliud
693 3564 752 3629 est,
767 3575 863 3638 quam
881 3557 1026 3623 admistio
1043 3557 1132 3637 opaci
1150 3572 1221 3619 cum
1240 3551 1357 3622 lucido:

179 3677 250 3741 quas
264 3664 321 3726 stsi
338 3663 529 3730 concedatur
545 3667 580 3731 in
598 3667 711 3732 calesti
725 3687 866 3750 corpore,
884 3668 1005 3734 nulmm
1024 3677 1128 3732 tamen
1144 3666 1252 3746 arquit
1270 3680 1356 3727 com-
1419 3660 1422 3665 ’

176 3773 377 3852 positionem:
395 3773 490 3839 ueluti
511 3779 596 3843 enim
613 3779 824 3861 iutelliqentia
838 3783 1025 3862 posteriores
1043 3797 1064 3843 a
1080 3779 1185 3859 prima
1202 3781 1277 3838 sunt
1295 3774 1357 3835 im-

176 3883 377 3966 perfectiores
392 3885 427 3948 in
444 3887 654 3969 intelliqcndo,
670 3899 698 3954 et
716 3890 769 3954 illa
780 3894 881 3973 maqis
892 3911 962 3973 qua
972 3893 1073 3970 maqis
1083 3881 1355 3962 receditapn'mtt,

180 3991 234 4056 ltnc
253 3999 359 4057 tamen
378 3995 460 4059 nibil
474 3996 600 4080 deraqat
618 4002 758 4082 ipsorum
778 4003 981 4083 simplicitati,
1005 4001 1147 4082 quinimo
1169 4000 1246 4058 sunt
1268 3996 1358 4052 actm

177 4102 265 4181 Μ’,
283 4110 312 4165 et
330 4103 452 4172 nattam
467 4108 636 4174 admittunt
649 4112 833 4192 potentiam,
853 4112 917 4175 nisi
934 4112 1126 4192 neqatioam,
1145 4113 1183 4170 ut
1199 4098 1358 4183 supradi-

180 4212 303 4287 ximust
312 4214 359 4279 ita
368 4214 457 4281 orbes
465 4221 650 4298 posteriores
662 4223 742 4288 nibil
751 4223 876 4304 impedit
890 4241 953 4288 esse
968 4224 1074 4287 minus
1084 4218 1251 4302 perfectos,
1262 4225 1359 4292 quam

178 4324 329 4402 illim,
341 4335 370 4390 ti
387 4327 476 4394 ilium
493 4335 593 4413 maqis
603 4336 659 4415 qui
674 4337 774 4417 maqis
785 4337 917 4417 aprime
928 4336 1036 4410 distat,
1056 4341 1092 4398 ut
1109 4338 1155 4394 est
1170 4324 1294 4391 lunaris
1305 4335 1359 4381 or-

183 4432 390 4512 Wsmasime
408 4442 579 4508 secundum
594 4463 662 4510 eam
676 4457 811 4528 partem,
831 4449 1001 4513 secundum
1020 4462 1116 4527 quam
1129 4442 1202 4505 buic
1213 4424 1359 4511 superiori
