3096 5154
470 355 613 402 uerrere
637 353 735 402 suane
759 353 942 402 lrrlasrue
966 353 1077 402 auram
1303 336 1366 403 119

181 496 433 575 scriptorum,et
446 474 867 573 insolidoquolibet'plures
880 490 1368 574 superficiesconsideraremo-

177 623 259 672 vum
269 610 302 669 et
312 603 502 669 inauditum
511 606 571 665 est.
583 602 697 667 Veluti
707 601 809 684 igitur
818 618 939 684 corpus
949 606 1103 667 terrestre
1113 616 1182 666 nna
1192 603 1364 682 superlicio

178 716 483 795 terminatumque
501 730 568 776 uon
587 716 703 776 exacte
720 712 896 794 sphaerica,
926 711 983 776 sed
1002 697 1122 794 aspera
1138 717 1203 785 esi;
1227 711 1275 775 ita
1293 712 1367 777 dico

178 844 256 909 ego,
274 826 377 891 Luuae
396 823 605 906 superficiem
633 840 702 886 nou
732 822 929 904 sphaericam
956 825 1087 896 exacte,
1116 821 1174 886 sed
1201 838 1368 903 asperam,

177 938 322 1012 lacunis,
342 937 499 1018 inquam,
515 939 548 1000 et
564 933 753 998 eminentiis
770 932 968 1007 confertam
985 937 1084 1012 atque
1097 931 1174 997 inde
1192 931 1369 1013 improprie

177 1065 309 1128 quoque
342 1047 488 1109 dictum·
508 1042 656 1120 videtur,
687 1043 777 1124 quod
805 1043 967 1122 sequitur:
998 1059 1071 1104 cam
1099 1042 1168 1122 ipso
1196 1043 1371 1125 superficies

179 1155 281 1220 Laoc
296 1155 440 1218 maxima
455 1162 512 1217 etc.
529 1152 631 1219 Luna
652 1153 741 1216 euim
756 1150 947 1234 superficies
962 1169 983 1214 a
996 1151 1177 1217 verticibus
1190 1151 1369 1255 montium,

180 1285 201 1330 a
218 1267 387 1331 montibus
402 1265 496 1346 ipsis,
517 1282 537 1328 a
555 1263 812 1345 depressioribus
830 1261 994 1344 partibus,
1009 1265 1042 1325 et
1055 1262 1191 1327 omnino
1205 1263 1247 1326 ab
1262 1262 1372 1327 omni·

179 1377 242 1442 bus
259 1376 391 1439 extimis
409 1380 443 1440 et
460 1373 694 1456 apparentibus
711 1371 811 1438 simul
836 1372 1000 1454 partibus,
1031 1371 1224 1440 desumitur.
1254 1374 1371 1438 Prose-

180 1484 398 1568 quiturt'lloc
417 1484 519 1550 salom
536 1490 671 1556 coortae,
690 1490 747 1547 etc.
766 1480 903 1556 Omitto,
931 1481 1023 1562 quod
1040 1482 1216 1564 improprie
1234 1483 1370 1556 dicitur,

177 1598 385 1680 proeminere
408 1605 504 1661 extro
521 1593 653 1660 oreatus
683 1594 839 1659 maciowa
868 1590 969 1656 Lana
986 1599 1124 1666 meotes:
1141 1610 1257 1658 omues
1272 1596 1372 1659 'enim

179 1709 368 1775 eminentia
387 1708 429 1773 ad
447 1709 612 1772 mammos
630 1707 774 1771 circulos
796 1705 1003 1778 reseruntum
1029 1710 1266 1769 mensurantur
1283 1706 1371 1769 enirn

178 1837 237 1901 per
253 1818 544 1901 perpendiculares
561 1817 680 1891 lineas,
696 1816 796 1898 iuxta
825 1831 909 1895 quas
930 1815 1154 1878 maximorum
1176 1818 1288 1878 tamen
1306 1815 1373 1879 cir-

180 1929 335 1994 culorum
353 1929 547 2011 superficies
566 1927 804 1992 extenduntur.
823 1923 1235 1998 Consideroautem,velle
1252 1926 1374 1991 autbo-

180 2052 269 2111 rem,
287 2055 331 2102 ex
345 2052 369 2102 ‘a
385 2056 440 2103 me
458 2038 569 2103 allatis
589 2037 829 2120 phoenomenis,
846 2035 984 2107 lacunas
1011 2035 1121 2117 potius
1139 2053 1178 2099 ac
1198 2035 1373 2117 voragines

182 2146 289 2209 solum
306 2147 506 2223 introrsum,
522 2165 592 2213 nou
609 2152 721 2213 autem
749 2150 877 2211 montes
905 2151 1016 2220 extra,
1038 2147 1266 2227 proeminere
1285 2148 1373 2227 quod

182 2257 296 2317 tamen
313 2255 436 2319 falsum
453 2256 617 2322 ostilam
636 2258 664 2322 si
681 2256 873 2341 superficies
898 2255 1016 2331 Luna,
1036 2257 1185 2338 alioquin
1203 2257 1374 2340 aequabilis

183 2380 224 2427 ac
241 2363 422 2445 perpolita,
440 2366 568 2431 lacunis
586 2372 697 2431 tamen
714 2368 792 2431 hinc
811 2366 887 2430 inde
904 2370 1058 2439 scateret,
1076 2369 1223 2448 prolecto
1238 2371 1274 2433 in
1290 2386 1374 2433 cou-

183 2472 265 2538 linio
298 2474 434 2539 luminis
472 2479 505 2540 et
537 2475 665 2540 umbrae
700 2478 794 2542 sinus
826 2480 958 2542 tantum
987 2477 1090 2557 aliqui
1119 2478 1253 2543 obscuri
1286 2481 1374 2544 intra

180 2583 382 2649 luminosam
399 2591 528 2666 partem
546 2588 783 2661 curvarentur,
800 2591 838 2650 ut
855 2585 892 2649 in
910 2586 1062 2667 apposita
1079 2587 1188 2668 ligura
1208 2583 1305 2671 (Tab.
1319 2588 1374 2661 lv,

181 2692 252 2775 l'ig.
282 2690 331 2780 l):
357 2694 457 2758 nullae
488 2699 601 2759 autem
627 2695 782 2776 cuspides
809 2695 1023 2770 illuminate,
1053 2697 1189 2761 omnino
1222 2716 1244 2762 a
1275 2699 1374 2780 plaga

182 2802 296 2869 lucida
312 2807 490 2884 separate,
510 2804 600 2868 intra
617 2805 770 2869 tenebras
788 2805 924 2886 reliquae
942 2805 1048 2886 partis
1064 2808 1261 2884 emicareut3
1278 2809 1375 2892 cuius

180 2913 368 2997 oppositum
388 2913 484 2979 docet
512 2914 726 2996 experientia.
744 2914 912 2996 Amplius,
937 2932 1057 2984 ¹omues
1075 2918 1154 2982 ‘fere
1184 2935 1313 2999 magne
1340 2924 1373 2981 et

182 3024 327 3103 antique
355 3024 517 3099 maculae,
548 3041 622 3105 quae
653 3024 778 3091 scilicet
806 3026 879 3089 acie
906 3028 1053 3092 naturali
1083 3026 1255 3103 videntur,
1280 3026 1372 3110 jugis

182 3133 350 3197 altissimis
373 3139 451 3198 sunt
479 3134 758 3211 circumvallate3
781 3135 871 3218 quod
898 3135 974 3199 iude
1005 3140 1151 3211 constat,
1169 3137 1265 3216 quia,
1292 3137 1372 3203 dum

181 3243 344 3309 terminus
362 3243 616 3310 illuminationis
633 3263 731 3328 super
749 3247 837 3328 ipsas
854 3247 1003 3310 maculas
1033 3247 1166 3325 transit,
1190 3264 1290 3329 supra
1317 3249 1371 3313 in-

181 3357 296 3437 fraque
316 3355 391 3420 illas
408 3357 597 3438 prominent
614 3358 718 3424 veluti
736 3355 960 3438 pmmontoria
976 3357 1143 3436 quedam,
1161 3374 1259 3439 super
1276 3363 1370 3421 tene-

180 3467 315 3530 brosam
342 3470 472 3546 partem
500 3467 714 3542 scandentia,
743 3467 907 3547 longoque
937 3465 1039 3532 ductu
1069 3468 1304 3544 exuberantia,
1332 3474 1371 3532 ut

181 3577 287 3640 altera
302 3577 469 3658 praesefert
482 3578 660 3643 delineatio
680 3575 776 3663 (Tab.
794 3576 853 3653 lV,
866 3575 892 3639 F
893 3578 938 3658 ig.
951 3574 1013 3662 lli:
1028 3578 1117 3658 quod
1130 3579 1225 3642 nulla
1240 3580 1369 3644 ratione

179 3689 216 3752 iu
233 3688 407 3769 superficie
425 3690 597 3770 aequabili,
615 3695 649 3754 at
666 3687 868 3753 caritatibus
885 3693 1016 3753 tantum
1034 3689 1203 3754 nonnullis
1220 3706 1368 3764 corrosa,

179 3799 290 3864 locum
308 3804 416 3880 potest
433 3799 564 3864 babere.

267 3909 434 3988 amplius,
463 3910 604 3974 maculae
633 3911 699 3975 illae
727 3911 1023 3993 nigerrimasque
1052 3912 1168 3992 procul
1186 3929 1207 3974 a
1224 3911 1368 3976 confinio

179 4019 264 4083 lucis
278 4019 365 4082 iutra
381 4025 509 4100 partem
522 4020 728 4084 tenebrosam
742 4019 951 4086 creberrime
967 4022 1137 4096 visuntur,
1152 4021 1179 4085 si
1194 4023 1369 4104 voragines

179 4130 288 4194 solum
306 4129 394 4194 intra
412 4129 620 4210 superficiem
637 4129 740 4195 Luna
759 4137 930 4196 excavata
947 4133 1069 4207 forent,
1083 4131 1184 4197 nullis
1202 4133 1366 4197 montium

176 4237 266 4319 iugis
280 4239 520 4320 circumsepto,
536 4257 653 4306 earum
667 4241 797 4306 crificia
811 4259 854 4304 ex
869 4242 1011 4307 adverso
1025 4243 1105 4308 solis
1118 4243 1226 4325 posita
1240 4243 1367 4308 nullam

180 4349 326 4427 protecto
343 4351 542 4433 projicerent
558 4353 724 4419 umbram:
744 4353 844 4419 modo
861 4354 1066 4436 experientia
1080 4355 1287 4420 contrarium
1305 4351 1367 4414 do-

181 4460 249 4532 cet,
267 4465 305 4526 ut
329 4462 363 4524 in
383 4463 531 4544 apposita
555 4461 662 4544 ligura
679 4465 829 4531 comitur
846 4458 943 4547 (Tab.
959 4463 1020 4543 lv,
1035 4464 1105 4546 Fig.
1120 4464 1196 4552 lll):
1213 4461 1367 4530 veniente
