3096 5154
503 359 542 406 oo
566 356 772 406 pannonum
797 356 827 402 m
850 356 930 404 ossa
953 355 1040 402 souis
1294 336 1357 402 291

180 502 344 584 allecum:
360 498 389 560 si
407 495 487 559 nibil
500 502 601 576 potest
619 512 711 575 apere
730 494 875 566 ulterius,
905 490 1062 572 reapendo
1079 492 1115 554 iu
1140 490 1221 552 idem
1234 457 1361 572 passum

177 613 214 676 in
225 610 309 692 qaod
313 608 417 691 prius.
428 604 483 670 Ita
494 603 607 672 Scotus
619 605 640 668 2
651 602 740 668 Sent.
751 605 822 667 dist.
836 601 878 668 13
888 601 1051 684 respondet
1063 618 1104 665 etc
1116 598 1297 666 Aricenna:
1309 604 1361 667 sed

177 724 241 786 bac
269 719 430 801 responsio
458 715 665 796 redarpuitur
691 715 869 795 manifeste.
899 709 937 776 Si
965 711 1049 775 enim
1067 710 1123 774 ltoc
1143 718 1220 774 esset
1237 729 1359 785 oerum,

177 833 328 897 uirtutem
344 827 460 892 scilicet
477 828 614 891 activam
626 826 768 906 corporis
787 822 882 887 lucidi
911 830 940 886 et
970 821 1112 893 luminis,
1141 821 1299 901 reapendo
1327 824 1362 885 in

178 943 260 1006 mem
273 957 418 1022 passum
434 937 606 1019 producere
624 937 742 1016 ipuem,
761 952 826 997 non
844 942 950 997 autem
965 932 1069 996 radios
1081 949 1152 996 oere
1163 931 1294 1014 replexae
1305 940 1363 994 aut

178 1053 345 1134 retractos,
365 1058 528 1130 tamquam
544 1045 766 1126 multiplicatas
789 1043 998 1116 substantias,
1022 1059 1095 1105 cum
1115 1058 1264 1113 causare,·
1287 1048 1362 1104 tunc

178 1165 280 1227 virtus
299 1163 364 1225 bac
382 1159 487 1223 actioa
504 1158 648 1229 lucinis,
666 1173 739 1220 curn
757 1153 790 1217 id
807 1171 940 1217 causare
958 1171 1022 1216 non
1036 1154 1151 1233 possit,
1170 1151 1234 1214 nisi
1248 1157 1362 1231 poten-

179 1272 249 1336 tiali
266 1287 363 1352 paam
380 1268 470 1332 babet
487 1265 688 1348 calefaciendi
707 1264 837 1337 virtute,
856 1262 1041 1343 produceret
1064 1262 1170 1341 ipuem
1198 1262 1234 1324 in
1262 1259 1363 1322 medio

180 1400 268 1455 aere,
283 1397 451 1463 perquem
466 1380 533 1460 opit
552 1386 581 1440 et
596 1394 653 1458 per
671 1393 764 1457 puem
781 1377 897 1440 iterum
915 1375 1032 1456 reapit,·
1051 1372 1134 1454 puod
1152 1372 1364 1436 necessarium

179 1499 318 1562 est,·non
335 1489 419 1551 enim
433 1487 600 1569 qualitates
619 1487 849 1565 transmipraut
867 1483 903 1547 de
921 1483 1057 1565 subjecto
1075 1484 1111 1546 in
1129 1481 1317 1563 subjectum:
1335 1483 1363 1544 si

178 1608 285 1664 autem
313 1597 384 1662 talis
404 1597 545 1661 caliditas
574 1598 611 1660 in
638 1614 710 1660 nere
738 1595 937 1677 producitur,
955 1593 1144 1675 producitur
1163 1611 1220 1673 per
1237 1592 1363 1656 modum

179 1706 318 1779 motem.
337 1713 374 1769 ut
394 1714 502 1770 cetero
520 1705 698 1787 qualitates,
715 1706 843 1786 propiis
860 1703 968 1767 multis
984 1702 1363 1784 dispositionibus5puorc

180 1836 244 1881 non
253 1816 346 1900 facile
360 1816 572 1891 amovebitur,
582 1815 635 1878 sed
645 1817 765 1879 diutius
776 1813 986 1895 permanebits
996 1822 1025 1877 et
1036 1814 1082 1878 ita
1100 1830 1156 1878 aer
1169 1830 1228 1894 per
1236 1812 1364 1893 aliquod

180 1935 299 2009 terrtpur
314 1925 441 2000 caleret,
460 1926 606 2006 quinimo
620 1925 844 2007 contlapraret:
855 1923 947 2003 cujus
960 1930 1085 1986 tantum
1096 1924 1294 1987 contrarium
1304 1941 1364 1986 ecc-

176 2037 330 2117 perimur.
341 2033 378 2100 Si
390 2037 476 2100 enim
486 2053 508 2100 a
519 2053 654 2101 concaoo
668 2034 791 2116 speculo
801 2035 1003 2117 reflectantur
1013 2035 1130 2100 solares
1148 2036 1246 2110 radii,
1255 2038 1364 2118 prose-

181 2154 230 2210 eto
247 2145 354 2210 inillis
371 2145 576 2210 accendemus
595 2144 696 2226 lipna,·
713 2145 883 2226 auferatur
898 2144 1006 2208 deinde
1023 2147 1133 2208 statim
1145 2143 1319 2226 speculum,
1334 2153 1364 2208 et

182 2254 287 2320 subito
306 2254 477 2337 applicetur
496 2271 611 2319 manus
631 2254 694 2320 loco
712 2253 768 2319 ubi
794 2255 946 2320 inciderat
964 2257 1092 2338 reflexio
1109 2255 1206 2328 radii,
1226 2274 1297 2337 pua
1313 2257 1364 2337 se·

183 2373 272 2431 cerat
288 2364 539 2439 combustionem,
558 2366 681 2430 nullam
699 2367 867 2430 sentiemus
886 2367 1019 2431 calorem
1036 2368 1072 2429 in
1094 2366 1149 2429 illa
1166 2374 1258 2447 parte
1280 2368 1363 2430 aeris

182 2478 384 2557 impressum
400 2475 555 2557 quinimo,
573 2476 602 2538 si
619 2476 718 2540 aliam
735 2477 771 2539 in
790 2475 889 2540 locum
905 2477 1120 2558 transferatur
1132 2475 1306 2556 speculum,
1317 2478 1365 2539 ita

181 2591 221 2648 ut
235 2583 312 2648 alibi
333 2587 488 2667 concipiat
506 2583 589 2652 Solis
606 2585 726 2658 radios,
744 2589 851 2650 statim
868 2585 912 2650 ibi
928 2585 1117 2650 accendetur
1141 2586 1224 2667 ipnis
1248 2587 1365 2647 inmo-

181 2695 262 2759 teria
272 2697 569 2778 opprocimatasita
583 2705 619 2760 ut
630 2697 794 2778 manifeste
808 2703 931 2778 pateat,
949 2695 1159 2760 substantiam
1177 2694 1366 2775 calefacien-

181 2813 242 2870 tem
258 2805 502 2888 multiplicatam
517 2808 621 2887 ipnem
638 2806 819 2880 accendere,
838 2824 903 2870 non
916 2808 1083 2871 oirtutem:
1097 2822 1196 2888 quare
1207 2804 1365 2883 itoarpuo

182 2924 293 2981 contra
308 2913 450 2981 Scotum.
468 2913 536 2980 Aut
553 2917 655 2981 cutus
669 2916 857 2998 productiva
874 2915 1000 2992 eoloris,
1015 2935 1086 2998 puo
1100 2932 1232 2997 reapens
1242 2913 1366 2995 produ-

183 3026 227 3089 cit
240 3026 361 3106 ianam,
377 3033 523 3091 mouetur
539 3027 582 3090 ad
597 3034 717 3091 motum
734 3025 864 3108 speculi,
882 3027 958 3090 dum
979 3029 1015 3090 in
1043 3026 1107 3090 alia
1133 3025 1197 3089 loco
1223 3022 1365 3089 accendit

184 3135 304 3215 ionem,
314 3143 344 3198 et
354 3143 428 3200 ωηο
437 3136 581 3200 accidens
593 3136 741 3217 miprabit
755 3137 791 3200 de
806 3135 943 3216 subjecto
962 3138 997 3199 in
1014 3135 1206 3216 subjeetum·
1222 3141 1281 3198 out
1299 3151 1365 3198 nou

184 3250 339 3317 mooeteu,
357 3253 386 3309 et
403 3253 480 3310 ωηο
499 3246 651 3327 quomodo
665 3246 811 3328 producit
828 3247 933 3327 mecm
945 3247 1054 3310 inalio
1066 3241 1364 3326 locolSedrespon·

183 3352 267 3417 debit
294 3356 381 3436 puis:
409 3374 476 3419 non
502 3364 644 3421 mouetur
660 3358 763 3421 uirtus
793 3355 981 3436 productiva
1002 3355 1127 3431 caloris,
1146 3355 1200 3420 sed
1220 3354 1365 3437 pionitur

182 3481 267 3529 nooa
284 3467 399 3541 cutus,
416 3466 493 3530 dum
507 3467 670 3548 speculum
686 3470 722 3530 in
740 3466 802 3531 alio
820 3467 884 3530 loco
897 3468 1036 3547 positum
1058 3468 1139 3532 idem
1162 3466 1267 3530 lumen
1289 3482 1365 3529 cou-

182 3576 258 3656 cipit
275 3584 305 3640 et
322 3577 461 3660 reflectit.
480 3574 539 3651 At,
557 3587 681 3652 contra,
700 3587 776 3644 tunc
795 3596 902 3660 quaro
921 3578 957 3642 de
976 3577 1027 3642 illo
1045 3578 1160 3652 calore,
1174 3577 1273 3658 paulo
1289 3583 1364 3639 ante

179 3685 332 3768 producto
346 3686 388 3752 ab
406 3687 509 3750 eodem
524 3687 640 3751 lumine
655 3691 690 3752 iu
706 3688 770 3753 alio
786 3689 889 3770 priore
908 3689 987 3754 loco:
1005 3698 1114 3754 utrum
1127 3695 1305 3770 pormanet,
1320 3703 1365 3748 au

179 3796 296 3878 periit?
312 3798 341 3860 u·
353 3805 528 3877 permanet,
548 3815 646 3879 quare
665 3818 730 3863 nou
744 3800 899 3864 sentitur?
909 3801 1054 3881 siperiit,
1073 3816 1248 3881 apuonam
1256 3795 1365 3879 periit.

181 3906 218 3969 in
236 3913 303 3969 tam
320 3907 440 3987 eaipua
456 3916 485 3971 et
503 3909 560 3971 oio
577 3907 719 3972 sensibile
738 3912 881 3990 temporis
899 3910 1007 3973 moro?
1025 3908 1089 3973 Nec
1107 3909 1169 3974 dici
1180 3914 1294 3990 potest,
1310 3921 1366 3967 aa·

180 4015 277 4079 lorem
294 4014 436 4080 recedere
452 4017 549 4081 simul
565 4036 637 4081 cum
656 4017 773 4082 lumine
791 4019 832 4082 ad
848 4034 1002 4082 recessum
1021 4017 1119 4094 rodii,
1142 4035 1219 4082 nam
1239 4019 1368 4099 sumum

180 4123 321 4188 accendit
338 4131 367 4188 et
384 4127 499 4191 recedit
518 4129 553 4192 in
571 4129 719 4200 instanti,
738 4137 795 4192 aut
812 4130 848 4192 iu
867 4136 1000 4210 tempore
1020 4127 1209 4201 insensibili,
1225 4127 1267 4191 ad
1283 4142 1368 4206 pra·

182 4235 316 4299 sentiam
345 4235 393 4300 oel
420 4237 596 4303 absentiam
618 4241 755 4322 corporis
775 4238 886 4312 lucidi:
902 4249 935 4304 at
955 4241 1052 4315 calor,
1072 4241 1168 4306 ueluti
1186 4258 1252 4304 non
1270 4238 1367 4318 potest

183 4344 248 4406 nisi
264 4347 300 4408 in
316 4355 400 4412 certo
418 4351 563 4431 temporis
582 4352 683 4431 spatio
699 4349 843 4432 produci,
863 4351 909 4415 ito
926 4370 990 4418 noa
1006 4361 1104 4435 potest
1127 4353 1191 4416 uisi
1220 4352 1256 4412 in
1285 4345 1368 4406 certo

182 4461 328 4540 impotis
346 4464 447 4544 spatio
465 4466 635 4544 corrumpi.
658 4462 856 4546 Quapropter
872 4466 998 4548 intepra
1014 4471 1155 4531 remanet
1174 4451 1330 4525 dubitatio
1347 4460 1367 4502 a
