3096 5154
583 360 813 441 isrxosourcus
834 360 961 410 umcros
1318 347 1361 414 89

179 498 222 562 tis
249 498 424 579 perspicua
453 495 596 561 distabat
622 498 664 562 ab
692 516 733 562 eo
750 499 831 562 min.
849 499 882 575 2,
901 501 943 563 ab
962 500 1024 563 bac
1043 499 1239 564 orientalior-
1254 503 1363 569 minus

178 624 339 689 apparens
351 607 466 670 aberat
477 607 558 670 min.
573 605 605 669 4.
624 606 676 670 Ex
695 608 954 674 occidentalibus
972 609 1130 673 remotior
1148 626 1168 672 a
1183 608 1266 673 Jove
1283 629 1365 675 con-

180 710 296 791 spicua
313 707 412 771 valde
431 707 473 770 ab
490 724 531 771 eo
548 705 767 773 dirimebatur
782 712 864 774 min.
878 709 911 785 4,
943 711 1029 774 inter
1057 711 1158 783 banc,
1186 714 1220 772 et
1248 708 1366 776 lovem

176 818 395 885 intercidebat
425 816 563 881 Stellula
593 817 730 898 exigua,
759 837 799 882 ac
817 819 1072 884 occidentaliori
1090 819 1192 884 Stella
1209 817 1366 894 vicinior,

177 947 256 995 cum
272 930 314 994 ab
335 945 376 991 ea
396 944 464 991 non
491 929 599 1010 magis
621 929 749 993 abesset
768 930 851 995 min.
870 929 903 1004 0,
920 946 985 994 sec.
1008 927 1061 993 30.
1080 929 1184 994 Erant
1200 946 1314 994 omnes
1331 931 1368 994 in

177 1038 295 1103 eadem
311 1042 403 1103 recta
421 1035 604 1103 secundum
620 1038 793 1122 eclyptica
811 1041 1056 1123 longitudinem
1074 1040 1117 1103 ad
1134 1056 1292 1121 unguem.

251 1148 327 1225 ,Die
344 1146 591 1228 decimaquinta
610 1142 708 1231 (nam
726 1149 976 1232 decimaquarta
993 1148 1124 1215 Goelum
1140 1149 1284 1216 nubibus
1304 1152 1370 1218 luit

180 1255 395 1343 obductum),
413 1257 496 1320 bora
512 1257 634 1339 prima,
649 1258 727 1323 talis
743 1259 806 1325 luit
823 1266 991 1326 astrorum
1004 1261 1148 1342 positus,
1166 1264 1233 1324 tres
1250 1278 1369 1344 nempe

181 1371 277 1431 erant
302 1366 480 1431 orientales
513 1364 640 1444 Stella,
671 1370 765 1435 nulla
797 1387 879 1435 vero
909 1371 1107 1436 cernebatur
1140 1371 1369 1437 occidentalis:

185 1575 264 1667 ον.
530 1578 581 1680 2sz
644 1578 713 1628 r*
743 1537 846 1744 Θ

180 1814 351 1879 orientalis
368 1813 445 1878 lovi
463 1812 616 1896 proxima
636 1811 780 1877 distabat
798 1813 840 1877 ab
858 1830 898 1877 eo
917 1813 997 1876 min.
1017 1813 1049 1888 d,
1068 1829 1132 1876 sec.
1156 1811 1211 1887 50,
1234 1830 1373 1894 sequens

122 1996 127 2005 ¹
182 1926 225 1989 ab
246 1926 309 1990 bac
330 1925 446 1989 aberat
467 1923 682 1999 minusca.
702 1922 758 1999 20,
775 1924 818 1988 ab
835 1924 898 1989 bac
916 1942 997 1990 vero
1015 1922 1210 1989 orientalior
1232 1923 1313 1986 min.
1335 1922 1373 1998 23

183 2043 318 2119 eratque
337 2036 475 2118 reliquis
489 2034 612 2116 major:
643 2034 821 2099 viciniores
847 2035 937 2100 enim
965 2035 1043 2099 lovi
1070 2039 1167 2098 erant
1192 2033 1373 2098 admodum

183 2148 324 2228 exigue
344 2145 409 2212 Sed
426 2145 510 2210 bora
527 2144 678 2227 proxime
695 2145 829 2228 quinta,
847 2162 890 2209 ex
908 2144 1017 2212 Stellio
1034 2143 1111 2210 tovi
1127 2143 1289 2226 proximis
1303 2160 1375 2208 una

189 2351 272 2443 or.
531 2351 585 2456 a
707 2312 856 2519 *Q
1250 2355 1372 2453 occ.

182 2603 313 2667 tuntum
331 2599 531 2663 cernebatur
547 2615 569 2662 a
585 2577 671 2662 Jove
692 2599 820 2664 distans
837 2601 920 2665 min.
942 2602 974 2676 0,
993 2617 1057 2665 sec.
1079 2598 1132 2677 30,
1155 2597 1376 2665 orientalioris

183 2729 266 2778 vero
284 2710 453 2790 elongatio
471 2726 492 2773 a
508 2707 593 2774 Jove
609 2708 754 2774 adaucte
771 2715 858 2785 erat,
877 2712 941 2776 luit
960 2712 1050 2775 enim
1072 2715 1153 2777 tunc
1174 2710 1255 2774 min.
1277 2708 1309 2773 4.
1332 2710 1376 2772 At

182 2822 265 2887 bora
280 2825 374 2886 sexta
390 2822 511 2901 praeter
529 2818 627 2893 duas,
644 2822 683 2884 ut
697 2819 796 2885 modo
816 2821 942 2886 dictum
961 2826 1026 2898 est,
1045 2822 1086 2886 ab
1104 2822 1229 2886 oriente
1248 2820 1374 2886 consti-

190 3019 271 3108 or.
508 3014 562 3120 st
685 2975 842 3183 *Q
921 2960 944 3069 r
1264 3018 1370 3110 ους..

185 3265 290 3336 tutas,
301 3276 369 3326 una
378 3276 495 3325 versus
512 3277 670 3325 occasum
684 3263 881 3327 comebatnr
896 3262 1036 3328 stellula
1051 3260 1229 3328 admodum
1242 3263 1375 3346 exigua,

186 3390 207 3436 a
224 3371 307 3436 Jove
326 3378 455 3435 remota
473 3371 554 3434 min.
573 3371 605 3435 2.

276 3482 336 3545 Die
354 3482 593 3559 decimosexto,
613 3483 696 3547 bora
713 3487 825 3558 sexta,
841 3483 876 3545 iu
887 3483 948 3546 tali
958 3483 1193 3549 constitutione
1203 3486 1373 3549 steterunt.

185 3592 287 3661 Stella
297 3609 415 3675 nempe
430 3592 601 3659 orientalis
612 3611 633 3658 a
643 3593 727 3658 Jove
740 3592 854 3658 min'l
870 3594 999 3658 aberat:
1016 3594 1167 3677 Iuppiter
1185 3612 1206 3658 a
1223 3593 1374 3676 sequenti

185 3704 325 3769 occidua
344 3703 424 3767 min.
442 3702 474 3778 5,
491 3702 564 3767 baec
582 3720 665 3768 vero
682 3721 703 3767 a
720 3702 850 3784 reliqua
866 3703 1116 3769 occidentaliori
1130 3705 1210 3768 min.
1227 3700 1262 3766 3:
1278 3709 1374 3766 eraut

189 3901 268 3991 or.
393 3896 448 4010 tlt
696 3854 800 4059 (ᾧ
933 3892 1107 4013 Η
1261 3894 1369 3988 000·

183 4165 296 4213 omnes
326 4146 473 4229 ejusdem
502 4144 652 4227 proxime
680 4141 933 4223 magnitudinis,
963 4145 1043 4209 satis
1067 4144 1270 4227 conspicuae,
1287 4148 1321 4207 et
1337 4143 1372 4206 iu

185 4258 300 4323 eadem
317 4263 409 4322 recta
426 4258 515 4322 linea
534 4254 696 4338 exquisite
712 4250 894 4318 secundum
911 4254 1039 4320 zodiaci
1056 4256 1204 4322 ductum.

272 4369 332 4435 Die
350 4366 634 4449 decimoseptimo,
652 4365 734 4429 bora
759 4363 790 4441 1,
808 4363 882 4430 duae
900 4364 1039 4430 aderant
1057 4366 1181 4444 Stellae,
1203 4360 1374 4429 orientalis

184 4491 268 4555 una,
286 4495 306 4542 a
323 4478 406 4544 lose
423 4479 550 4542 distans
567 4475 648 4540 min.
669 4472 701 4552 3,
718 4475 933 4543 occidentalis
951 4475 1073 4555 altera,
1088 4476 1216 4541 distans
1224 4473 1307 4537 min.
1319 4467 1370 4533 lo.

270 4582 392 4644 cirino
409 4583 652 4648 anun-Tou.
669 4581 720 4641 llb
1123 4627 1126 4635 .
1178 4578 1209 4633 o*
