3096 5154
501 370 539 419 os
563 369 767 420 susspensus
789 367 819 418 rs
841 366 921 418 osus
945 368 1032 417 cosa
1286 358 1351 424 295

181 515 314 593 ipneam.
331 507 421 590 Ipnis
440 515 547 572 autem
565 524 637 573 cum
659 509 775 572 autin
797 508 931 572 materia
959 508 1047 572 tenui
1068 521 1217 571 accensus
1246 511 1301 587 sit,
1323 521 1353 576 et

179 618 249 683 talis
276 618 383 681 minus
411 616 502 681 natet
532 617 609 681 lucis
632 627 661 680 et
684 617 795 681 caloris
818 615 834 700 (
842 625 879 680 ut
894 617 1064 701 flamma),·
1092 618 1204 681 autin
1221 625 1354 687 materia

178 745 286 794 crassa
303 735 334 791 et
351 727 461 800 densa,
484 722 515 790 e‘t
536 726 715 807 hujusmodi
736 727 872 791 multum
901 726 992 790 labet
1014 727 1091 791 lueis
1108 735 1138 790 et
1156 727 1266 793 calaris
1296 730 1312 813 (
1320 741 1355 795 ut

178 835 362 921 animaru
380 854 453 899 cum
484 833 601 899 Colum
628 837 797 900 minimum
824 836 936 900 lrabeat
964 835 1042 901 lucis
1072 845 1101 900 et
1123 837 1248 914 caloris,
1268 850 1357 906 ostra

179 957 287 1015 autem
304 944 587 1029 quamplurimum,
606 955 766 1027 mouetur,
788 945 905 1010 Caelum
923 963 986 1009 esse
1007 947 1225 1011 tenuissimum
1242 951 1355 1030 ipnem,

178 1066 270 1123 astra
298 1064 405 1120 autem
433 1072 574 1119 crassum
599 1064 629 1119 et
658 1056 810 1128 densums
830 1064 925 1137 atque
944 1054 1068 1120 orbium
1085 1055 1295 1122 substantiam
1317 1078 1358 1124 en

181 1168 366 1233 tenuissima
383 1166 517 1229 materia
530 1173 624 1247 atoue
642 1167 829 1239 rarissima,
850 1167 985 1248 {lamma
1008 1167 1206 1247 proportione
1228 1185 1360 1251 respon·

182 1278 271 1352 dere:
290 1285 378 1340 astra
394 1282 514 1349 autem,
533 1293 574 1340 ea
595 1277 696 1356 napis
718 1275 815 1339 densa
837 1284 867 1339 et
885 1293 1005 1350 crassa,
1029 1276 1234 1341 antlracidus
1256 1288 1285 1342 et
1303 1299 1359 1344 ac-

184 1387 285 1452 censis
302 1387 426 1468 prum
447 1383 547 1465 Cujus
563 1385 611 1450 rei
628 1386 835 1449 certissimum
856 1385 949 1468 affert
977 1394 1200 1467 arpumentum
1223 1389 1360 1456 colorata

184 1497 256 1570 lun,
274 1511 339 1578 pua
352 1495 487 1577 prodita
504 1502 593 1558 astra
610 1496 701 1558 uario
719 1502 814 1577 atquc
834 1495 954 1559 diuerso
972 1495 1060 1559 modo
1076 1495 1248 1578 resulpent,
1263 1512 1361 1582 prout

182 1608 276 1673 uana
301 1608 342 1670 sit
358 1606 493 1670 materia
510 1605 546 1667 in
564 1622 630 1686 pua
647 1613 723 1668 sunt
743 1622 885 1670 accensa.
907 1602 1015 1680 Quare
1033 1603 1183 1679 Martem,
1203 1609 1362 1690 splendore

182 1717 280 1782 veluti
296 1714 487 1791 rubicundo,
508 1714 617 1780 dasem
638 1723 744 1778 autem
765 1714 885 1797 sulpido
903 1732 940 1779 ae
959 1713 1069 1788 ltilari,
1097 1714 1244 1781 Venerem
1263 1721 1362 1785 nitida

184 1837 213 1890 et
234 1826 380 1908 pulelero,
398 1823 580 1890 Saturnum
597 1823 787 1889 subobscuro
805 1833 834 1888 et
847 1824 980 1906 pallido,
999 1824 1197 1890 Mercurium
1215 1829 1362 1903 coeruleo,

185 1934 288 2002 Solem
314 1936 536 2000 candidissimo
554 1953 592 2000 ac
610 1925 812 2009 nitidissimo,
841 1934 967 2000 Lunam
989 1944 1097 1999 autem
1124 1947 1271 2019 arpenteo
1296 1941 1365 2021 [ul-

184 2066 256 2131 pcre
275 2048 491 2128 conspicimus.
501 2044 576 2111 Non
593 2047 712 2111 mirum
726 2047 826 2128 ipitur
840 2055 898 2120 est,
911 2048 1059 2127 antiquos
1077 2045 1143 2111 illos
1158 2049 1363 2132 plilosopltos,

186 2161 233 2222 ila
252 2157 287 2221 de
307 2155 386 2220 Galo
403 2157 588 2229 sentientes,
614 2158 650 2219 in
670 2164 735 2220 tam
753 2159 859 2223 varias
878 2157 914 2221 de
932 2158 1027 2220 astris
1058 2159 1269 2223 conscendisse
1291 2178 1366 2224 scn-

190 2266 325 2328 tentiat:
342 2271 380 2327 ut
397 2263 452 2328 alii
469 2267 583 2347 ionitos
603 2266 716 2347 lapides
735 2266 770 2330 dc
791 2276 877 2331 terra
894 2275 1016 2349 raptos,
1035 2268 1119 2349 quod
1136 2267 1365 2353 Anooaporas;

188 2374 248 2438 alii
257 2373 463 2456 inflammatos
473 2377 619 2457 pumices,
631 2376 715 2457 quod
726 2359 880 2459 Diopenes
887 2379 1047 2459 physicus·
1057 2377 1113 2441 olii
1124 2380 1289 2445 candentes
1298 2386 1367 2464 ser·

189 2503 262 2552 reas
282 2484 428 2559 laminas,
447 2487 530 2568 quod
548 2485 720 2552 Archelaus
726 2507 737 2561 ,·
754 2487 809 2552 alii
827 2487 971 2552 ardentes
991 2486 1101 2562 nubes,
1117 2506 1187 2568 quo
1205 2499 1292 2552 nocte
1310 2509 1367 2554 ac-

188 2595 376 2670 cendantur,
398 2595 448 2659 die
466 2598 713 2678 ealinpuantur,
734 2598 817 2679 quod
837 2595 1063 2679 Xenophanes:
1080 2598 1136 2660 alii
1158 2597 1259 2678 plodos
1275 2601 1368 2680 ipniti

187 2707 285 2781 aeris,
310 2706 396 2788 pund
411 2703 670 2782 Anaximander,
698 2709 923 2773 existimarint.
948 2704 1027 2782 Ouo
1055 2709 1083 2770 si
1105 2725 1181 2771 aera
1199 2718 1287 2781 sunt,
1310 2719 1368 2772 aut

187 2835 263 2883 cera
279 2833 345 2882 etse
363 2834 486 2882 necesse
508 2819 563 2894 sit,
586 2826 739 2901 utsupra
764 2819 931 2900 prolatum
960 2820 1040 2901 suit,-
1067 2836 1139 2882 cum
1167 2817 1263 2883 Luna
1286 2822 1368 2883 inter

187 2929 296 2994 munia
312 2926 426 3009 sydera
446 2925 554 2992 Terrae
572 2937 723 2993 naturam
741 2931 879 2993 maxime
908 2930 1026 3011 sapiat,
1049 2936 1085 2991 ut
1114 2931 1239 3010 ipsemet
1268 2926 1367 2992 Arist.

189 3040 324 3121 fatetur,
352 3056 417 3103 eon
444 3039 504 3102 crit
532 3040 664 3121 sortasse
694 3039 848 3104 absonum
876 3040 989 3111 dicere,
1010 3038 1097 3102 illam
1119 3040 1268 3103 continuo
1287 3036 1367 3103 Solis

192 3147 295 3213 calore
312 3155 342 3212 et
360 3147 490 3222 umiae,
509 3167 571 3230 puo
589 3166 709 3231 semper
730 3148 895 3213 dimidiata
915 3148 1028 3231 sulcet,
1051 3145 1147 3210 ueluti
1168 3165 1295 3211 exesam
1313 3158 1370 3212 aut

192 3259 396 3334 arabartum
411 3259 484 3325 tales
513 3259 693 3342 cujusmodi
721 3259 833 3325 labere
861 3275 993 3340 mapnas
1022 3259 1253 3340 inequalitates
1274 3266 1370 3340 atoue

193 3371 376 3452 asperitates
392 3371 428 3435 in
444 3373 617 3456 superficie,
637 3389 707 3454 quo
725 3370 879 3436 montium
896 3377 991 3451 atpue
1014 3368 1202 3433 convallium
1223 3376 1253 3432 et
1274 3387 1370 3433 nora·

190 3482 305 3564 metum
320 3483 451 3564 speciant
469 3484 692 3565 pranserant:
710 3490 767 3545 aut
784 3498 854 3544 cam
872 3497 935 3544 esse
954 3480 996 3543 ad
1012 3479 1248 3543 similitudinem
1266 3480 1372 3542 exusti

191 3591 303 3674 lapidis
320 3600 351 3655 et
367 3595 513 3675 pumicis,
533 3595 590 3675 qui
607 3592 720 3657 multos
738 3590 828 3655 labet
842 3608 934 3673 poros
952 3597 981 3654 et
1000 3589 1166 3662 cavitates:
1183 3607 1280 3672 quam
1297 3607 1371 3652 sen-

191 3703 324 3767 tentiam
337 3701 470 3785 prolare
487 3705 574 3767 visus
593 3712 638 3767 est
656 3701 821 3785 Keplerus,
841 3702 875 3764 in
893 3718 954 3764 sua
975 3699 1192 3763 dissertatione
1215 3717 1288 3764 cum
1307 3695 1372 3780 Sy-

192 3812 284 3879 deseo
301 3810 437 3887 Nuntio,
460 3822 490 3878 et
512 3814 554 3877 ad
581 3814 666 3877 illam
693 3816 806 3877 lorum
834 3808 1072 3892 pnononenon
1101 3825 1214 3872 causas
1242 3808 1370 3888 referre.

191 3920 286 3986 Hanc
304 3924 504 3998 sententiam,
522 3924 606 4006 quod
625 3923 698 3986 Coeli
716 3932 744 3986 et
762 3930 849 3987 astra
867 3923 932 3984 sint
949 3938 989 3982 eor
1007 3919 1079 3999 ipne
1095 3919 1237 4000 conflata,
1257 3934 1372 3997 quam-

192 4034 239 4096 ois
251 4034 362 4117 prisca
379 4036 480 4098 omnis
492 4034 683 4116 philosophia
700 4041 804 4097 ratam
819 4030 930 4094 labere
946 4031 1014 4092 uisa
1029 4029 1130 4111 suerit
1145 4024 1269 4111 (omnes
1287 4028 1372 4090 enim

192 4151 265 4208 ante
282 4142 482 4209 Aristotelem
501 4145 673 4226 pltilosoplei
684 4191 692 4217 ,
712 4151 769 4207 aut
800 4141 917 4205 Colum
935 4158 976 4204 ea
996 4141 1082 4221 ipnc,
1109 4147 1167 4201 aut
1189 4156 1230 4202 ea
1248 4137 1319 4220 iane
1343 4145 1371 4199 et

196 4263 293 4328 terra,
312 4255 362 4319 nel
375 4257 472 4320 etiam
488 4274 529 4319 ex
547 4263 684 4337 quantor
695 4254 864 4325 sumentis,
884 4250 967 4333 quod
985 4249 1078 4313 Plato
1096 4246 1272 4312 Aristotelis
1289 4264 1371 4328 pra-

195 4371 309 4445 ceptor,
326 4375 471 4433 constare
489 4367 713 4431 existimarunt
716 4364 747 4450 ):
767 4366 861 4437 lanc,
883 4364 1027 4444 inquam,
1046 4359 1231 4424 senteutiam
1250 4357 1265 4443 (
1274 4373 1369 4437 quam

196 4476 292 4540 etiam
304 4477 400 4559 paulo
417 4487 491 4545 ante
513 4485 654 4543 nostram
676 4485 798 4542 ntalem
821 4473 1041 4541 Bernardinus
1064 4470 1093 4534 T
1091 4471 1215 4542 elesius,
1235 4468 1284 4532 nir
1301 4463 1369 4542 pri·
