3096 5154
499 367 538 413 on
562 365 770 414 anatomia
793 365 823 412 nt
847 365 928 414 oona
952 366 1039 413 tuna
1293 349 1358 416 2⁸13

180 516 247 572 tan
262 512 363 568 notas
382 501 665 583 nataralis,pnom
676 508 778 566 motas
795 509 909 582 prater
926 509 1095 567 natnrarn:
1105 509 1206 566 rnatns
1218 506 1313 577 enim,
1325 515 1364 580 at

178 626 293 691 motat,
312 616 407 680 etiarn
417 613 572 694 raresaait
582 629 715 693 semper,
727 620 764 675 at
775 611 817 674 ael
827 629 954 675 sensnm
970 619 1071 692 patei:
1088 629 1202 693 qnare,
1214 620 1245 674 et
1261 621 1362 677 niotns

178 725 269 801 cati,
282 725 426 807 anamais
441 720 523 787 Calo
533 724 574 787 sit
583 722 721 786 manime
733 722 906 794 naturalis,
919 730 1025 786 minen
1037 720 1232 803 Calnmjam
1242 725 1333 802 rores
1346 758 1364 770 -

177 836 268 900 einer
284 851 322 899 aa
339 832 534 915 dissipasset,
547 833 578 895 si
596 829 672 895 Gali
687 848 800 912 corpas
815 831 1026 912 raretaatioile
1036 841 1129 906 esset:
1140 832 1288 896 tanatem
1301 852 1366 897 non

176 946 266 1027 terit,
285 945 378 1026 ania,
397 961 470 1009 enas
486 945 528 1007 sil
546 959 659 1024 eorpus
677 940 878 1024 impassibile,
908 943 1131 1023 rarefaotionis
1159 960 1224 1006 nan
1245 951 1291 1006 est
1308 961 1366 1007 sn-

178 1056 367 1135 sceptiana:
381 1071 438 1118 neo
452 1070 562 1118 rernm
580 1061 625 1118 est
646 1052 730 1134 qaod
749 1051 843 1135 affert
857 1054 1035 1134 inemptam
1048 1052 1084 1117 ele
1099 1054 1171 1134 iane
1186 1055 1223 1118 in
1234 1056 1366 1139 propria

177 1164 316 1247 rpiara,
336 1164 392 1244 qai
417 1162 665 1238 desummo,
693 1179 750 1226 nee
779 1163 922 1227 natarali
950 1170 1038 1227 niotn
1070 1162 1123 1227 sed
1154 1161 1229 1228 Gali
1254 1173 1365 1247 rapta,

181 1283 289 1339 tonan
304 1291 424 1355 semper
441 1275 477 1337 in
495 1291 530 1337 eo
547 1280 767 1344 conservator,
786 1289 842 1336 neo
859 1271 1046 1354 dissipator:
1063 1271 1118 1338 loa
1141 1275 1225 1345 enirn
1247 1277 1367 1356 pariter

179 1383 300 1465 (annm
317 1391 375 1456 est,
393 1381 493 1447 nulla
510 1383 595 1447 enim
609 1383 693 1462 ipnis
712 1380 756 1445 ili
774 1383 808 1464 fit
825 1380 999 1463 dissipatio,
1017 1382 1160 1463 pninimo
1178 1383 1284 1449 malta
1299 1385 1367 1465 ejns

175 1501 285 1574 partes
296 1491 336 1556 al
349 1493 406 1557 ltoo
415 1499 513 1565 awtn,
526 1499 562 1554 nt
573 1489 753 1556 Aristoteles
763 1493 879 1572 inanit,
891 1492 980 1572 infra
991 1491 1204 1558 detristlnntnr
1215 1491 1244 1579 (1
1251 1493 1275 1582 );
1285 1495 1369 1578 pnotl

179 1605 208 1668 si
225 1619 346 1684 senipor
360 1609 551 1682 perannat,
570 1609 616 1664 est
635 1618 676 1666 ea
692 1601 868 1665 saeoessiaa
895 1599 1127 1681 deperditarum
1152 1605 1295 1682 partiam
1315 1622 1368 1670 re-

179 1714 390 1784 stauratione,
408 1728 480 1792 ana
497 1727 618 1793 naeper
636 1713 685 1794 pit,
703 1719 741 1776 nt
758 1712 794 1776 in
812 1712 922 1776 oeteris
944 1709 1136 1795 eanenap:
1154 1720 1369 1794 preterquam

181 1823 277 1907 paotl,
297 1824 445 1905 inonan,
463 1821 549 1904 {aaa
566 1828 612 1885 est
630 1821 694 1885 lae
708 1822 882 1902 responsio,
898 1828 1004 1884 mosen
1016 1820 1090 1884 data
1105 1829 1134 1883 et
1149 1839 1214 1884 non
1227 1838 1369 1886 wnoesso
1412 1840 1414 1849 ·

180 1932 265 2014 qnod
281 1940 358 1996 esset
374 1949 466 2005 nero,
494 1931 641 2014 anamais
660 1931 710 1994 iio
727 1938 829 1994 motas
848 1948 914 1994 non
931 1929 1095 2012 dissiparet
1121 1928 1270 2005 Terram,
1288 1933 1368 2013 qnia

181 2043 228 2107 illi
244 2050 321 2107 esset
338 2040 514 2116 naturalis,
531 2041 696 2122 dissiparet
727 2049 832 2105 tanen
859 2040 984 2122 reliqna
1010 2058 1082 2122 ona
1100 2049 1176 2105 sunt
1194 2043 1231 2105 in
1253 2040 1367 2115 Terra,

183 2149 299 2233 anione
317 2168 383 2214 non
399 2159 445 2216 en
461 2149 636 2224 nataralia·
652 2167 752 2232 qnare
769 2150 914 2234 artificia,
932 2149 1074 2225 arbores,
1092 2160 1122 2216 et
1140 2161 1245 2218 cetera
1261 2155 1368 2219 omnia

101 2298 104 2303 ·
183 2267 260 2325 ante
286 2276 389 2324 annno
415 2260 578 2342 &entiam
594 2261 746 2342 dissipata
762 2262 866 2342 sorem
886 2257 944 2347 (2).
963 2260 1149 2342 Propterea,
1168 2270 1197 2326 et
1215 2264 1369 2329 animalia

183 2378 302 2435 anneta
320 2371 485 2436 interirem
500 2389 540 2436 aa
558 2371 690 2437 niolento
707 2373 791 2436 aeris
810 2379 895 2436 nsotn
909 2370 1079 2453 suffocata,
1096 2373 1238 2452 qnininio
1253 2373 1370 2455 impos-

181 2480 272 2546 sitite
289 2488 367 2546 esset
381 2499 419 2548 ea
435 2483 552 2557 nivers,
580 2501 654 2547 anne
676 2491 796 2546 natnra
824 2500 890 2546 non
914 2483 1013 2563 possit
1039 2484 1123 2564 [erre
1153 2491 1272 2546 motam
1291 2484 1369 2585 adeo

181 2589 318 2655 ament.
337 2586 378 2656 Si
394 2592 478 2656 enin
496 2593 585 2658 nono
613 2611 678 2656 non
703 2600 806 2674 posset
822 2591 959 2656 &milia
977 2593 1060 2657 lora
1077 2593 1177 2673 spatio
1200 2592 1370 2675 transferri

177 2719 238 2782 per
250 2718 358 2766 mens
375 2700 418 2766 al
435 2702 543 2784 aiano
571 2703 704 2785 Anpela,
734 2705 782 2768 ael
810 2701 973 2776 Damone,
992 2703 1033 2768 alr
1051 2699 1150 2768 Italia
1166 2704 1203 2766 in
1221 2701 1369 2767 Palasti·

178 2827 265 2884 nan,
284 2818 314 2875 et
331 2812 424 2876 noar
442 2830 643 2894 pennanere,
671 2815 749 2895 qnia
778 2822 898 2878 natura
926 2833 993 2879 non
1021 2817 1119 2897 tenet
1146 2821 1266 2878 motam
1293 2814 1370 2878 adeo

182 2922 391 2987 &hamtona
419 2920 474 3006 (at
504 2920 539 2988 S.
574 2922 708 2988 Ytiornas
737 2933 765 2988 et
798 2922 941 3006 Tneotopi
970 2923 1196 3008 eonolretlnnt),·
1218 2923 1369 3004 anamodo

179 3040 321 3112 possent,
339 3033 426 3114 nispe
442 3032 588 3100 atoeiori
604 3045 705 3108 rnata,
731 3043 773 3099 tot
795 3035 950 3100 anania
970 3034 1067 3100 simol
1087 3053 1161 3099 anm
1186 3034 1286 3098 Terra
1304 3035 1370 3098 oir-

181 3141 350 3222 anrnserri,
367 3142 455 3223 tonas
474 3141 644 3229 (inquam)
673 3145 817 3209 solodori
834 3155 936 3217 moin,
965 3163 1087 3225 nempe,
1118 3152 1251 3226 tempore
1271 3147 1368 3209 nnins

183 3251 284 3324 nora,
303 3253 439 3333 φαίνω
452 3252 516 3320 937
531 3256 753 3321 milliariorum
764 3253 824 3343 (3),
834 3256 918 3338 qnod
932 3255 1032 3320 Terra
1041 3258 1124 3336 ipsa,
1136 3257 1165 3319 si
1174 3264 1368 3332 noverria,

182 3363 283 3424 nnins
298 3362 381 3427 lora
396 3372 539 3446 tenpore,
554 3375 591 3429 at
604 3384 702 3448 snpra
716 3367 833 3430 iliatam
847 3375 906 3439 est,
918 3365 1146 3448 pertransiret?
1160 3364 1250 3430 Atlio
1264 3368 1370 3440 etiam,

180 3469 280 3552 qnod,
298 3469 337 3535 alt
355 3473 487 3537 nimiam
510 3476 697 3541 caliditatem
726 3478 823 3549 aeris,
854 3476 940 3557 repia
968 3483 1090 3548 nostra,
1118 3494 1187 3557 qna
1206 3477 1242 3538 in
1264 3476 1369 3541 Terra

180 3582 345 3664 superfiaie
362 3591 420 3656 est,
440 3592 516 3648 esset
534 3585 757 3651 inhabitabilis.
780 3583 873 3663 Qnatl
888 3593 994 3650 antem
1009 3585 1064 3648 loo
1082 3587 1122 3648 sit
1141 3589 1367 3660 neeessariam,

178 3699 265 3772 patet
284 3709 325 3756 ea
344 3694 506 3758 attritione
523 3697 710 3781 aironmtnsi
720 3700 803 3764 aeris
816 3717 839 3763 a
851 3706 939 3789 mota
958 3695 1079 3780 Terra·
1090 3698 1233 3779 quinimo
1248 3715 1368 3760 neeesse

179 3808 272 3873 esset,
290 3809 389 3866 totam
403 3804 484 3867 liano
499 3809 580 3870 aeris
595 3810 753 3889 replanent
767 3812 838 3890 ipne
854 3810 1058 3891 contlaprare.
1075 3803 1114 3872 Si
1128 3809 1213 3871 enirn
1223 3806 1369 3888 plnmleea

179 3911 303 3991 sapittte
323 3913 441 3994 caspio,
460 3917 537 3978 satis
556 3919 673 3981 minori
692 3919 846 3981 celeritate
875 3927 979 3989 mota,
1008 3935 1065 3997 per
1090 3935 1195 3980 aerem
1214 3916 1370 3996 liquescit:

179 4029 303 4102 assarna
319 4024 423 4104 naon
445 4023 559 4101 Terra,
579 4047 650 4092 curn
668 4028 807 4092 celeriter
829 4036 927 4098 enata,
947 4027 1171 4109 contiaprobit?
1188 4043 1273 4107 qna,
1297 4044 1369 4088 anm

178 4139 210 4194 et
245 4129 401 4196 tiranine
433 4144 463 4199 et
495 4137 644 4220 sntpnare
675 4149 705 4203 et
740 4139 825 4203 nitro
860 4145 889 4201 et
922 4145 967 4201 tot
994 4139 1083 4204 sisois
1117 4118 1369 4203 annotationibus

255 4334 289 4396 (1)
309 4334 371 4387 Μ’
383 4336 410 4384 la
420 4336 534 4387 Postilla
543 4339 578 4389 Νο
588 4340 658 4391 XXI.

256 4412 288 4469 (2)
309 4411 370 4462 Varii
382 4411 408 4461 la
419 4410 530 4464 Postilla
542 4413 578 4463 Νο
591 4415 674 4464 xxti.

255 4486 290 4546 (3)
309 4488 370 4538 Vrtll
381 4489 407 4539 la
418 4490 531 4543 Postilla
543 4491 577 4541 tt⁰
587 4492 685 4541 xxm.

269 4571 392 4631 asiano
412 4575 652 4635 Gitana-Tou.
671 4577 717 4634 ΙΙΙ.
