<?xml version="1.0" encoding="UTF-8"?>
<!DOCTYPE html PUBLIC "-//W3C//DTD XHTML 1.0 Transitional//EN"
    "http://www.w3.org/TR/xhtml1/DTD/xhtml1-transitional.dtd">
<html xmlns="http://www.w3.org/1999/xhtml" xml:lang="en" lang="en">
 <head>
  <title>
</title>
<meta http-equiv="Content-Type" content="text/html;charset=utf-8" />
  <meta name='ocr-system' content='tesseract 3.04.00' />
  <meta name='ocr-capabilities' content='ocr_page ocr_carea ocr_par ocr_line ocrx_word'/>
</head>
<body>
  <div class='ocr_page' id='page_1' title='image "./leoperedigalile10vivigoog_0107.png"; bbox 0 0 3096 5154; ppageno 0'>
   <div class='ocr_carea' id='block_1_1' title="bbox 578 332 1352 397">
    <p class='ocr_par' dir='ltr' id='par_1_1' title="bbox 578 332 1352 397">
     <span class='ocr_line' id='line_1_1' title="bbox 578 332 1352 397; baseline 0.003 -2"><span class='ocrx_word' id='word_1_1' title='bbox 578 346 808 397; x_wconf 81' lang='lat' dir='ltr'>rsrnororsrcus</span> <span class='ocrx_word' id='word_1_2' title='bbox 830 347 955 396; x_wconf 75' lang='lat' dir='ltr'>umcros</span> <span class='ocrx_word' id='word_1_3' title='bbox 1309 332 1352 397; x_wconf 81' lang='grc'>87</span> 
     </span>
    </p>
   </div>
   <div class='ocr_carea' id='block_1_2' title="bbox 175 484 1356 1326">
    <p class='ocr_par' dir='ltr' id='par_1_2' title="bbox 176 484 1353 778">
     <span class='ocr_line' id='line_1_2' title="bbox 178 484 1350 570; baseline -0.006 -12"><span class='ocrx_word' id='word_1_4' title='bbox 178 493 213 558; x_wconf 86' lang='lat' dir='ltr'>ia</span> <span class='ocrx_word' id='word_1_5' title='bbox 231 489 320 556; x_wconf 88' lang='lat' dir='ltr'>bunc</span> <span class='ocrx_word' id='word_1_6' title='bbox 337 486 503 570; x_wconf 80' lang='lat' dir='ltr'>disposite</span> <span class='ocrx_word' id='word_1_7' title='bbox 521 484 673 551; x_wconf 88' lang='lat' dir='ltr'>modum:</span> <span class='ocrx_word' id='word_1_8' title='bbox 693 485 954 568; x_wconf 76' lang='lat' dir='ltr'>intercapedines</span> <span class='ocrx_word' id='word_1_9' title='bbox 967 485 1052 550; x_wconf 84' lang='lat' dir='ltr'>inter</span> <span class='ocrx_word' id='word_1_10' title='bbox 1074 486 1161 567; x_wconf 89' lang='lat' dir='ltr'>ipsas</span> <span class='ocrx_word' id='word_1_11' title='bbox 1183 488 1216 548; x_wconf 89' lang='lat' dir='ltr'>et</span> <span class='ocrx_word' id='word_1_12' title='bbox 1235 485 1350 551; x_wconf 90' lang='lat' dir='ltr'>lovem</span> 
     </span>
     <span class='ocr_line' id='line_1_3' title="bbox 177 593 1353 680; baseline -0.003 -14"><span class='ocrx_word' id='word_1_13' title='bbox 177 603 272 666; x_wconf 85' lang='lat' dir='ltr'>crunt</span> <span class='ocrx_word' id='word_1_14' title='bbox 282 595 553 680; x_wconf 79' lang='lat' dir='ltr'>aquales,unlus</span> <span class='ocrx_word' id='word_1_15' title='bbox 568 612 688 679; x_wconf 85' lang='lat' dir='ltr'>nempe</span> <span class='ocrx_word' id='word_1_16' title='bbox 703 595 824 661; x_wconf 84' lang='lat' dir='ltr'>minuti</span> <span class='ocrx_word' id='word_1_17' title='bbox 840 593 955 679; x_wconf 86' lang='lat' dir='ltr'>prlmi;</span> <span class='ocrx_word' id='word_1_18' title='bbox 972 611 1012 661; x_wconf 89' lang='lat' dir='ltr'>ac</span> <span class='ocrx_word' id='word_1_19' title='bbox 1028 612 1087 678; x_wconf 85' lang='lat' dir='ltr'>per</span> <span class='ocrx_word' id='word_1_20' title='bbox 1103 595 1206 678; x_wconf 88' lang='lat' dir='ltr'>ipsas,</span> <span class='ocrx_word' id='word_1_21' title='bbox 1223 600 1257 661; x_wconf 89' lang='lat' dir='ltr'>et</span> <span class='ocrx_word' id='word_1_22' title='bbox 1272 613 1353 663; x_wconf 88' lang='lat' dir='ltr'>oen-</span> 
     </span>
     <span class='ocr_line' id='line_1_4' title="bbox 176 705 791 778; baseline -0.013 -1"><span class='ocrx_word' id='word_1_23' title='bbox 176 718 267 778; x_wconf 91' lang='lat' dir='ltr'>trum</span> <span class='ocrx_word' id='word_1_24' title='bbox 283 708 376 774; x_wconf 83' lang='lat' dir='ltr'>lovis</span> <span class='ocrx_word' id='word_1_25' title='bbox 394 712 485 771; x_wconf 89' lang='lat' dir='ltr'>recta</span> <span class='ocrx_word' id='word_1_26' title='bbox 501 707 590 771; x_wconf 85' lang='lat' dir='ltr'>linea</span> <span class='ocrx_word' id='word_1_27' title='bbox 609 705 791 770; x_wconf 78' lang='lat' dir='ltr'>incedebat.</span> 
     </span>
    </p>

    <p class='ocr_par' dir='ltr' id='par_1_3' title="bbox 175 814 1356 1326">
     <span class='ocr_line' id='line_1_5' title="bbox 263 814 1356 898; baseline -0.002 -14"><span class='ocrx_word' id='word_1_28' title='bbox 263 818 324 885; x_wconf 88' lang='lat' dir='ltr'>Die</span> <span class='ocrx_word' id='word_1_29' title='bbox 354 823 487 892; x_wconf 86' lang='lat' dir='ltr'>octava,</span> <span class='ocrx_word' id='word_1_30' title='bbox 515 816 599 881; x_wconf 89' lang='lat' dir='ltr'>hora</span> <span class='ocrx_word' id='word_1_31' title='bbox 625 816 747 898; x_wconf 87' lang='lat' dir='ltr'>prima,</span> <span class='ocrx_word' id='word_1_32' title='bbox 777 814 914 880; x_wconf 88' lang='lat' dir='ltr'>aderant</span> <span class='ocrx_word' id='word_1_33' title='bbox 945 820 1013 880; x_wconf 89' lang='lat' dir='ltr'>tres</span> <span class='ocrx_word' id='word_1_34' title='bbox 1039 816 1147 882; x_wconf 81' lang='lat' dir='ltr'>Stellae</span> <span class='ocrx_word' id='word_1_35' title='bbox 1178 817 1356 883; x_wconf 77' lang='lat' dir='ltr'>orientales</span> 
     </span>
     <span class='ocr_line' id='line_1_6' title="bbox 176 925 1355 1009; baseline -0.003 -13"><span class='ocrx_word' id='word_1_36' title='bbox 176 947 305 1006; x_wconf 87' lang='lat' dir='ltr'>omnes,</span> <span class='ocrx_word' id='word_1_37' title='bbox 323 933 362 993; x_wconf 92' lang='lat' dir='ltr'>ut</span> <span class='ocrx_word' id='word_1_38' title='bbox 379 927 414 991; x_wconf 94' lang='lat' dir='ltr'>in</span> <span class='ocrx_word' id='word_1_39' title='bbox 431 926 659 1009; x_wconf 80' lang='lat' dir='ltr'>descriptione.</span> <span class='ocrx_word' id='word_1_40' title='bbox 683 925 760 992; x_wconf 82' lang='lat' dir='ltr'>lovi</span> <span class='ocrx_word' id='word_1_41' title='bbox 777 927 943 1009; x_wconf 82' lang='lat' dir='ltr'>proxima,</span> <span class='ocrx_word' id='word_1_42' title='bbox 961 927 1194 1008; x_wconf 66' lang='lat' dir='ltr'>exiguarum,</span> <span class='ocrx_word' id='word_1_43' title='bbox 1211 927 1355 994; x_wconf 85' lang='lat' dir='ltr'>distabat</span> 
     </span>
     <span class='ocr_line' id='line_1_7' title="bbox 176 1035 1356 1121; baseline -0.004 -14"><span class='ocrx_word' id='word_1_44' title='bbox 176 1043 219 1107; x_wconf 92' lang='lat' dir='ltr'>ab</span> <span class='ocrx_word' id='word_1_45' title='bbox 236 1058 276 1105; x_wconf 87' lang='lat' dir='ltr'>eo</span> <span class='ocrx_word' id='word_1_46' title='bbox 292 1040 373 1104; x_wconf 90' lang='lat' dir='ltr'>min.</span> <span class='ocrx_word' id='word_1_47' title='bbox 393 1037 411 1101; x_wconf 91' lang='lat'>1</span> <span class='ocrx_word' id='word_1_48' title='bbox 431 1055 496 1103; x_wconf 88' lang='lat' dir='ltr'>sec.</span> <span class='ocrx_word' id='word_1_49' title='bbox 514 1037 573 1115; x_wconf 74' lang='lat'>203</span> <span class='ocrx_word' id='word_1_50' title='bbox 594 1037 704 1103; x_wconf 81' lang='lat' dir='ltr'>medic</span> <span class='ocrx_word' id='word_1_51' title='bbox 721 1054 801 1102; x_wconf 86' lang='lat' dir='ltr'>vero</span> <span class='ocrx_word' id='word_1_52' title='bbox 819 1037 862 1101; x_wconf 91' lang='lat' dir='ltr'>ab</span> <span class='ocrx_word' id='word_1_53' title='bbox 883 1037 947 1101; x_wconf 92' lang='lat' dir='ltr'>bac</span> <span class='ocrx_word' id='word_1_54' title='bbox 974 1036 1054 1101; x_wconf 93' lang='lat' dir='ltr'>min.</span> <span class='ocrx_word' id='word_1_55' title='bbox 1072 1035 1106 1114; x_wconf 87' lang='lat' dir='ltr'>d,</span> <span class='ocrx_word' id='word_1_56' title='bbox 1122 1041 1258 1121; x_wconf 86' lang='lat' dir='ltr'>eratque</span> <span class='ocrx_word' id='word_1_57' title='bbox 1275 1038 1356 1104; x_wconf 87' lang='lat' dir='ltr'>satis</span> 
     </span>
     <span class='ocr_line' id='line_1_8' title="bbox 175 1146 1355 1234; baseline -0.004 -17"><span class='ocrx_word' id='word_1_58' title='bbox 175 1168 312 1234; x_wconf 80' lang='lat' dir='ltr'>mugna3</span> <span class='ocrx_word' id='word_1_59' title='bbox 340 1148 532 1216; x_wconf 89' lang='lat' dir='ltr'>orientalior</span> <span class='ocrx_word' id='word_1_60' title='bbox 560 1148 739 1215; x_wconf 87' lang='lat' dir='ltr'>admodum</span> <span class='ocrx_word' id='word_1_61' title='bbox 767 1147 889 1231; x_wconf 74' lang='lat' dir='ltr'>exigua</span> <span class='ocrx_word' id='word_1_62' title='bbox 910 1149 952 1212; x_wconf 87' lang='lat' dir='ltr'>ab</span> <span class='ocrx_word' id='word_1_63' title='bbox 972 1147 1036 1212; x_wconf 88' lang='lat' dir='ltr'>bac</span> <span class='ocrx_word' id='word_1_64' title='bbox 1064 1146 1355 1215; x_wconf 69' lang='lat' dir='ltr'>oculamino</span> 
     </span>
     <span class='ocr_line' id='line_1_9' title="bbox 180 1260 319 1326; baseline -0.029 0"><span class='ocrx_word' id='word_1_65' title='bbox 180 1278 244 1326; x_wconf 87' lang='lat' dir='ltr'>sec.</span> <span class='ocrx_word' id='word_1_66' title='bbox 263 1260 319 1324; x_wconf 73' lang='lat' dir='ltr'>bo.</span> 
     </span>
    </p>
   </div>
   <div class='ocr_carea' id='block_1_3' title="bbox 183 1413 1351 1620">
    <p class='ocr_par' dir='ltr' id='par_1_4' title="bbox 183 1413 1351 1620">
     <span class='ocr_line' id='line_1_10' title="bbox 183 1413 1351 1620; baseline 0 -74"><span class='ocrx_word' id='word_1_67' title='bbox 183 1455 263 1547; x_wconf 78' lang='lat' dir='ltr'>or.</span> <span class='ocrx_word' id='word_1_68' title='bbox 618 1453 705 1541; x_wconf 68' lang='lat' dir='ltr'>*s</span> <span class='ocrx_word' id='word_1_69' title='bbox 766 1413 918 1620; x_wconf 94' lang='grc' dir='ltr'>Θ</span> <span class='ocrx_word' id='word_1_70' title='bbox 1245 1455 1351 1548; x_wconf 73' lang='lat' dir='ltr'>occ.</span> 
     </span>
    </p>
   </div>
   <div class='ocr_carea' id='block_1_4' title="bbox 177 1681 1360 2746">
    <p class='ocr_par' dir='ltr' id='par_1_5' title="bbox 177 1681 1359 2642">
     <span class='ocr_line' id='line_1_11' title="bbox 265 1681 1358 1767; baseline 0 -22"><span class='ocrx_word' id='word_1_71' title='bbox 265 1683 394 1767; x_wconf 80' lang='lat' dir='ltr'>Auceps</span> <span class='ocrx_word' id='word_1_72' title='bbox 424 1699 517 1747; x_wconf 89' lang='lat' dir='ltr'>eram</span> <span class='ocrx_word' id='word_1_73' title='bbox 549 1682 699 1764; x_wconf 83' lang='lat' dir='ltr'>nunquid</span> <span class='ocrx_word' id='word_1_74' title='bbox 736 1681 814 1746; x_wconf 84' lang='lat' dir='ltr'>lovi</span> <span class='ocrx_word' id='word_1_75' title='bbox 842 1682 994 1764; x_wconf 85' lang='lat' dir='ltr'>proxima</span> <span class='ocrx_word' id='word_1_76' title='bbox 1025 1698 1095 1747; x_wconf 87' lang='lat' dir='ltr'>nna</span> <span class='ocrx_word' id='word_1_77' title='bbox 1127 1685 1279 1760; x_wconf 88' lang='lat' dir='ltr'>tuntum,</span> <span class='ocrx_word' id='word_1_78' title='bbox 1315 1700 1358 1746; x_wconf 89' lang='lat' dir='ltr'>an</span> 
     </span>
     <span class='ocr_line' id='line_1_12' title="bbox 177 1790 1358 1862; baseline -0.003 -2"><span class='ocrx_word' id='word_1_79' title='bbox 177 1793 252 1862; x_wconf 77' lang='lat' dir='ltr'>duae</span> <span class='ocrx_word' id='word_1_80' title='bbox 270 1794 378 1859; x_wconf 87' lang='lat' dir='ltr'>iorent</span> <span class='ocrx_word' id='word_1_81' title='bbox 395 1792 552 1859; x_wconf 84' lang='lat' dir='ltr'>Stellulae:</span> <span class='ocrx_word' id='word_1_82' title='bbox 570 1792 747 1857; x_wconf 84' lang='lat' dir='ltr'>videbatur</span> <span class='ocrx_word' id='word_1_83' title='bbox 764 1790 854 1855; x_wconf 89' lang='lat' dir='ltr'>enlm</span> <span class='ocrx_word' id='word_1_84' title='bbox 873 1791 1041 1858; x_wconf 87' lang='lat' dir='ltr'>interdum</span> <span class='ocrx_word' id='word_1_85' title='bbox 1062 1791 1141 1858; x_wconf 91' lang='lat' dir='ltr'>buic</span> <span class='ocrx_word' id='word_1_86' title='bbox 1159 1792 1227 1857; x_wconf 87' lang='lat' dir='ltr'>alia</span> <span class='ocrx_word' id='word_1_87' title='bbox 1245 1792 1358 1858; x_wconf 86' lang='lat' dir='ltr'>adesse</span> 
     </span>
     <span class='ocr_line' id='line_1_13' title="bbox 178 1900 1359 1985; baseline -0.008 -13"><span class='ocrx_word' id='word_1_88' title='bbox 178 1922 294 1972; x_wconf 85' lang='lat' dir='ltr'>versus</span> <span class='ocrx_word' id='word_1_89' title='bbox 311 1909 423 1971; x_wconf 89' lang='lat' dir='ltr'>ortum</span> <span class='ocrx_word' id='word_1_90' title='bbox 439 1903 563 1969; x_wconf 90' lang='lat' dir='ltr'>mirum</span> <span class='ocrx_word' id='word_1_91' title='bbox 580 1903 615 1967; x_wconf 93' lang='lat' dir='ltr'>in</span> <span class='ocrx_word' id='word_1_92' title='bbox 632 1901 768 1966; x_wconf 93' lang='lat' dir='ltr'>modum</span> <span class='ocrx_word' id='word_1_93' title='bbox 785 1902 922 1985; x_wconf 77' lang='lat' dir='ltr'>exigua,</span> <span class='ocrx_word' id='word_1_94' title='bbox 940 1905 973 1967; x_wconf 89' lang='lat' dir='ltr'>et</span> <span class='ocrx_word' id='word_1_95' title='bbox 992 1901 1034 1967; x_wconf 87' lang='lat' dir='ltr'>ab</span> <span class='ocrx_word' id='word_1_96' title='bbox 1052 1900 1111 1966; x_wconf 86' lang='lat' dir='ltr'>illa</span> <span class='ocrx_word' id='word_1_97' title='bbox 1132 1901 1282 1984; x_wconf 78' lang='lat' dir='ltr'>sejuncta</span> <span class='ocrx_word' id='word_1_98' title='bbox 1299 1918 1359 1983; x_wconf 90' lang='lat' dir='ltr'>per</span> 
     </span>
     <span class='ocr_line' id='line_1_14' title="bbox 177 2011 1359 2080; baseline -0.003 0"><span class='ocrx_word' id='word_1_99' title='bbox 177 2017 261 2080; x_wconf 91' lang='lat' dir='ltr'>min.</span> <span class='ocrx_word' id='word_1_100' title='bbox 278 2015 299 2079; x_wconf 89' lang='lat'>0</span> <span class='ocrx_word' id='word_1_101' title='bbox 318 2032 383 2079; x_wconf 86' lang='lat' dir='ltr'>sec.</span> <span class='ocrx_word' id='word_1_102' title='bbox 403 2014 445 2080; x_wconf 85' lang='lat'>10</span> <span class='ocrx_word' id='word_1_103' title='bbox 465 2019 612 2080; x_wconf 85' lang='lat' dir='ltr'>tantum:</span> <span class='ocrx_word' id='word_1_104' title='bbox 641 2012 775 2079; x_wconf 80' lang='lat' dir='ltr'>fuerunt</span> <span class='ocrx_word' id='word_1_105' title='bbox 802 2029 917 2077; x_wconf 89' lang='lat' dir='ltr'>omues</span> <span class='ocrx_word' id='word_1_106' title='bbox 944 2012 980 2077; x_wconf 91' lang='lat' dir='ltr'>iu</span> <span class='ocrx_word' id='word_1_107' title='bbox 1007 2011 1124 2077; x_wconf 89' lang='lat' dir='ltr'>eadem</span> <span class='ocrx_word' id='word_1_108' title='bbox 1150 2017 1241 2077; x_wconf 87' lang='lat' dir='ltr'>recta</span> <span class='ocrx_word' id='word_1_109' title='bbox 1269 2011 1359 2076; x_wconf 87' lang='lat' dir='ltr'>linea</span> 
     </span>
     <span class='ocr_line' id='line_1_15' title="bbox 180 2121 1359 2190; baseline -0.003 -1"><span class='ocrx_word' id='word_1_110' title='bbox 180 2125 361 2190; x_wconf 88' lang='lat' dir='ltr'>secundum</span> <span class='ocrx_word' id='word_1_111' title='bbox 379 2125 507 2189; x_wconf 86' lang='lat' dir='ltr'>zodiaci</span> <span class='ocrx_word' id='word_1_112' title='bbox 525 2124 664 2190; x_wconf 87' lang='lat' dir='ltr'>ductum</span> <span class='ocrx_word' id='word_1_113' title='bbox 681 2128 836 2188; x_wconf 81' lang='lat' dir='ltr'>extensa.</span> <span class='ocrx_word' id='word_1_114' title='bbox 850 2122 941 2188; x_wconf 89' lang='lat' dir='ltr'>llora</span> <span class='ocrx_word' id='word_1_115' title='bbox 960 2139 1042 2189; x_wconf 84' lang='lat' dir='ltr'>vero</span> <span class='ocrx_word' id='word_1_116' title='bbox 1054 2122 1153 2187; x_wconf 89' lang='lat' dir='ltr'>tertia</span> <span class='ocrx_word' id='word_1_117' title='bbox 1168 2121 1269 2189; x_wconf 85' lang='lat' dir='ltr'>Stella</span> <span class='ocrx_word' id='word_1_118' title='bbox 1282 2122 1359 2187; x_wconf 85' lang='lat' dir='ltr'>lovi</span> 
     </span>
     <span class='ocr_line' id='line_1_16' title="bbox 179 2231 1357 2315; baseline 0 -20"><span class='ocrx_word' id='word_1_119' title='bbox 179 2233 333 2314; x_wconf 83' lang='lat' dir='ltr'>proxima</span> <span class='ocrx_word' id='word_1_120' title='bbox 349 2234 445 2297; x_wconf 90' lang='lat' dir='ltr'>illum</span> <span class='ocrx_word' id='word_1_121' title='bbox 461 2233 528 2296; x_wconf 83' lang='lat' dir='ltr'>lere</span> <span class='ocrx_word' id='word_1_122' title='bbox 545 2234 716 2315; x_wconf 79' lang='lat' dir='ltr'>tangebat,</span> <span class='ocrx_word' id='word_1_123' title='bbox 733 2232 876 2298; x_wconf 88' lang='lat' dir='ltr'>distabat</span> <span class='ocrx_word' id='word_1_124' title='bbox 892 2233 982 2298; x_wconf 89' lang='lat' dir='ltr'>enim</span> <span class='ocrx_word' id='word_1_125' title='bbox 996 2234 1039 2298; x_wconf 94' lang='lat' dir='ltr'>ab</span> <span class='ocrx_word' id='word_1_126' title='bbox 1053 2250 1094 2298; x_wconf 87' lang='lat' dir='ltr'>eo</span> <span class='ocrx_word' id='word_1_127' title='bbox 1107 2233 1187 2297; x_wconf 93' lang='lat' dir='ltr'>min.</span> <span class='ocrx_word' id='word_1_128' title='bbox 1202 2232 1224 2297; x_wconf 86' lang='lat' dir='ltr'>o</span> <span class='ocrx_word' id='word_1_129' title='bbox 1238 2249 1302 2298; x_wconf 88' lang='lat' dir='ltr'>see.</span> <span class='ocrx_word' id='word_1_130' title='bbox 1316 2231 1357 2296; x_wconf 87' lang='lat'>10</span> 
     </span>
     <span class='ocr_line' id='line_1_17' title="bbox 179 2340 1359 2420; baseline 0 -14"><span class='ocrx_word' id='word_1_131' title='bbox 179 2345 327 2416; x_wconf 88' lang='lat' dir='ltr'>tuntum;</span> <span class='ocrx_word' id='word_1_132' title='bbox 345 2340 478 2420; x_wconf 81' lang='lat' dir='ltr'>reliqua</span> <span class='ocrx_word' id='word_1_133' title='bbox 496 2358 578 2403; x_wconf 79' lang='lat' dir='ltr'>vero</span> <span class='ocrx_word' id='word_1_134' title='bbox 596 2358 617 2404; x_wconf 90' lang='lat' dir='ltr'>u</span> <span class='ocrx_word' id='word_1_135' title='bbox 634 2342 714 2406; x_wconf 87' lang='lat' dir='ltr'>love</span> <span class='ocrx_word' id='word_1_136' title='bbox 733 2343 923 2407; x_wconf 85' lang='lat' dir='ltr'>remotiores</span> <span class='ocrx_word' id='word_1_137' title='bbox 951 2343 1046 2408; x_wconf 79' lang='lat' dir='ltr'>lacta</span> <span class='ocrx_word' id='word_1_138' title='bbox 1074 2342 1222 2410; x_wconf 83' lang='lat' dir='ltr'>luerunt:</span> <span class='ocrx_word' id='word_1_139' title='bbox 1245 2345 1359 2409; x_wconf 86' lang='lat' dir='ltr'>uberat</span> 
     </span>
     <span class='ocr_line' id='line_1_18' title="bbox 181 2449 1359 2533; baseline 0 -17"><span class='ocrx_word' id='word_1_140' title='bbox 181 2452 272 2517; x_wconf 89' lang='lat' dir='ltr'>enim</span> <span class='ocrx_word' id='word_1_141' title='bbox 299 2450 410 2514; x_wconf 88' lang='lat' dir='ltr'>media</span> <span class='ocrx_word' id='word_1_142' title='bbox 426 2449 546 2514; x_wconf 80' lang='lat' dir='ltr'>alors</span> <span class='ocrx_word' id='word_1_143' title='bbox 574 2450 655 2514; x_wconf 91' lang='lat' dir='ltr'>min.</span> <span class='ocrx_word' id='word_1_144' title='bbox 672 2450 704 2514; x_wconf 86' lang='grc'>6.</span> <span class='ocrx_word' id='word_1_145' title='bbox 722 2452 868 2516; x_wconf 84' lang='lat' dir='ltr'>Tandem</span> <span class='ocrx_word' id='word_1_146' title='bbox 894 2451 977 2516; x_wconf 90' lang='lat' dir='ltr'>hora</span> <span class='ocrx_word' id='word_1_147' title='bbox 1005 2457 1139 2533; x_wconf 84' lang='lat' dir='ltr'>quarta,</span> <span class='ocrx_word' id='word_1_148' title='bbox 1165 2468 1238 2533; x_wconf 85' lang='lat' dir='ltr'>quac</span> <span class='ocrx_word' id='word_1_149' title='bbox 1266 2453 1359 2533; x_wconf 86' lang='lat' dir='ltr'>prius</span> 
     </span>
     <span class='ocr_line' id='line_1_19' title="bbox 179 2558 1293 2642; baseline -0.003 -16"><span class='ocrx_word' id='word_1_150' title='bbox 179 2560 256 2628; x_wconf 84' lang='lat' dir='ltr'>lovi</span> <span class='ocrx_word' id='word_1_151' title='bbox 274 2558 425 2641; x_wconf 83' lang='lat' dir='ltr'>proxima</span> <span class='ocrx_word' id='word_1_152' title='bbox 443 2563 529 2633; x_wconf 87' lang='lat' dir='ltr'>erat,</span> <span class='ocrx_word' id='word_1_153' title='bbox 548 2576 626 2624; x_wconf 88' lang='lat' dir='ltr'>cum</span> <span class='ocrx_word' id='word_1_154' title='bbox 643 2577 682 2623; x_wconf 90' lang='lat' dir='ltr'>eo</span> <span class='ocrx_word' id='word_1_155' title='bbox 693 2559 827 2641; x_wconf 81' lang='lat' dir='ltr'>juncta,</span> <span class='ocrx_word' id='word_1_156' title='bbox 845 2579 913 2626; x_wconf 93' lang='lat' dir='ltr'>non</span> <span class='ocrx_word' id='word_1_157' title='bbox 930 2561 1124 2626; x_wconf 83' lang='lat' dir='ltr'>cernebatur</span> <span class='ocrx_word' id='word_1_158' title='bbox 1143 2560 1293 2642; x_wconf 89' lang='lat' dir='ltr'>amplius.</span> 
     </span>
    </p>

    <p class='ocr_par' dir='ltr' id='par_1_6' title="bbox 268 2664 1360 2746">
     <span class='ocr_line' id='line_1_20' title="bbox 268 2664 1360 2746; baseline 0.001 -12"><span class='ocrx_word' id='word_1_159' title='bbox 268 2669 328 2735; x_wconf 86' lang='lat' dir='ltr'>Die</span> <span class='ocrx_word' id='word_1_160' title='bbox 345 2685 448 2746; x_wconf 87' lang='lat' dir='ltr'>nonu,</span> <span class='ocrx_word' id='word_1_161' title='bbox 463 2668 545 2732; x_wconf 86' lang='lat' dir='ltr'>hora</span> <span class='ocrx_word' id='word_1_162' title='bbox 559 2668 580 2730; x_wconf 87' lang='lat'>0</span> <span class='ocrx_word' id='word_1_163' title='bbox 596 2686 639 2732; x_wconf 89' lang='lat' dir='ltr'>m.</span> <span class='ocrx_word' id='word_1_164' title='bbox 656 2664 709 2745; x_wconf 85' lang='lat'>30,</span> <span class='ocrx_word' id='word_1_165' title='bbox 724 2669 899 2736; x_wconf 86' lang='lat' dir='ltr'>adstabant</span> <span class='ocrx_word' id='word_1_166' title='bbox 911 2672 987 2736; x_wconf 79' lang='lat' dir='ltr'>lovi</span> <span class='ocrx_word' id='word_1_167' title='bbox 1002 2671 1111 2738; x_wconf 80' lang='lat' dir='ltr'>Stella</span> <span class='ocrx_word' id='word_1_168' title='bbox 1125 2671 1199 2736; x_wconf 86' lang='lat' dir='ltr'>duae</span> <span class='ocrx_word' id='word_1_169' title='bbox 1214 2670 1360 2736; x_wconf 88' lang='lat' dir='ltr'>orientu-</span> 
     </span>
    </p>
   </div>
   <div class='ocr_carea' id='block_1_5' title="bbox 186 2802 1355 3009">
    <p class='ocr_par' dir='ltr' id='par_1_7' title="bbox 186 2802 1355 3009">
     <span class='ocr_line' id='line_1_21' title="bbox 186 2802 1355 3009; baseline -0.002 -72"><span class='ocrx_word' id='word_1_170' title='bbox 186 2847 267 2937; x_wconf 79' lang='lat' dir='ltr'>or.</span> <span class='ocrx_word' id='word_1_171' title='bbox 515 2842 673 2947; x_wconf 65' lang='lat' dir='ltr'>*aa</span> <span class='ocrx_word' id='word_1_172' title='bbox 817 2802 920 3009; x_wconf 89' lang='grc' dir='ltr'>Θ</span> <span class='ocrx_word' id='word_1_173' title='bbox 1012 2844 1056 2931; x_wconf 69' lang='lat' dir='ltr'>a</span> <span class='ocrx_word' id='word_1_174' title='bbox 1250 2845 1355 2937; x_wconf 76' lang='lat' dir='ltr'>occ.</span> 
     </span>
    </p>
   </div>
   <div class='ocr_carea' id='block_1_6' title="bbox 180 3067 1362 3813">
    <p class='ocr_par' dir='ltr' id='par_1_8' title="bbox 180 3067 1361 3463">
     <span class='ocr_line' id='line_1_22' title="bbox 180 3067 1361 3152; baseline 0.003 -20"><span class='ocrx_word' id='word_1_175' title='bbox 180 3069 244 3144; x_wconf 85' lang='lat' dir='ltr'>les,</span> <span class='ocrx_word' id='word_1_176' title='bbox 260 3072 294 3131; x_wconf 89' lang='lat' dir='ltr'>et</span> <span class='ocrx_word' id='word_1_177' title='bbox 310 3082 380 3132; x_wconf 92' lang='lat' dir='ltr'>una</span> <span class='ocrx_word' id='word_1_178' title='bbox 397 3067 610 3132; x_wconf 87' lang='lat' dir='ltr'>occidentalis</span> <span class='ocrx_word' id='word_1_179' title='bbox 627 3070 662 3133; x_wconf 93' lang='lat' dir='ltr'>iu</span> <span class='ocrx_word' id='word_1_180' title='bbox 675 3071 737 3133; x_wconf 89' lang='lat' dir='ltr'>tall</span> <span class='ocrx_word' id='word_1_181' title='bbox 752 3069 973 3152; x_wconf 85' lang='lat' dir='ltr'>dispositione.</span> <span class='ocrx_word' id='word_1_182' title='bbox 988 3069 1205 3146; x_wconf 86' lang='lat' dir='ltr'>Orientalior‚</span> <span class='ocrx_word' id='word_1_183' title='bbox 1218 3087 1292 3152; x_wconf 73' lang='lat' dir='ltr'>quas</span> <span class='ocrx_word' id='word_1_184' title='bbox 1306 3088 1361 3136; x_wconf 89' lang='lat' dir='ltr'>su·</span> 
     </span>
     <span class='ocr_line' id='line_1_23' title="bbox 183 3177 1361 3264; baseline 0.006 -24"><span class='ocrx_word' id='word_1_185' title='bbox 183 3178 226 3241; x_wconf 88' lang='lat' dir='ltr'>tis</span> <span class='ocrx_word' id='word_1_186' title='bbox 243 3178 365 3258; x_wconf 78' lang='lat' dir='ltr'>exigua</span> <span class='ocrx_word' id='word_1_187' title='bbox 383 3181 454 3240; x_wconf 87' lang='lat' dir='ltr'>erat</span> <span class='ocrx_word' id='word_1_188' title='bbox 471 3194 491 3239; x_wconf 90' lang='lat' dir='ltr'>a</span> <span class='ocrx_word' id='word_1_189' title='bbox 509 3179 657 3258; x_wconf 86' lang='lat' dir='ltr'>sequenti</span> <span class='ocrx_word' id='word_1_190' title='bbox 674 3177 817 3244; x_wconf 86' lang='lat' dir='ltr'>distabat</span> <span class='ocrx_word' id='word_1_191' title='bbox 833 3181 913 3244; x_wconf 91' lang='lat' dir='ltr'>min.</span> <span class='ocrx_word' id='word_1_192' title='bbox 927 3178 965 3253; x_wconf 60' lang='grc' dir='ltr'>ἀς</span> <span class='ocrx_word' id='word_1_193' title='bbox 980 3179 1090 3243; x_wconf 87' lang='lat' dir='ltr'>modia</span> <span class='ocrx_word' id='word_1_194' title='bbox 1106 3181 1225 3264; x_wconf 84' lang='lat' dir='ltr'>major,</span> <span class='ocrx_word' id='word_1_195' title='bbox 1242 3197 1263 3245; x_wconf 88' lang='lat' dir='ltr'>a</span> <span class='ocrx_word' id='word_1_196' title='bbox 1279 3182 1361 3247; x_wconf 86' lang='lat' dir='ltr'>love</span> 
     </span>
     <span class='ocr_line' id='line_1_24' title="bbox 182 3286 1360 3370; baseline 0 -18"><span class='ocrx_word' id='word_1_197' title='bbox 182 3290 297 3353; x_wconf 91' lang='lat' dir='ltr'>aberat</span> <span class='ocrx_word' id='word_1_198' title='bbox 314 3288 393 3352; x_wconf 91' lang='lat' dir='ltr'>min.</span> <span class='ocrx_word' id='word_1_199' title='bbox 407 3286 443 3365; x_wconf 80' lang='lat'>73</span> <span class='ocrx_word' id='word_1_200' title='bbox 462 3287 612 3370; x_wconf 86' lang='lat' dir='ltr'>luppiter</span> <span class='ocrx_word' id='word_1_201' title='bbox 625 3289 668 3353; x_wconf 89' lang='lat' dir='ltr'>ab</span> <span class='ocrx_word' id='word_1_202' title='bbox 684 3288 895 3366; x_wconf 85' lang='lat' dir='ltr'>occidentali,</span> <span class='ocrx_word' id='word_1_203' title='bbox 911 3306 984 3370; x_wconf 81' lang='lat' dir='ltr'>qua</span> <span class='ocrx_word' id='word_1_204' title='bbox 1000 3305 1105 3370; x_wconf 87' lang='lat' dir='ltr'>parva</span> <span class='ocrx_word' id='word_1_205' title='bbox 1118 3293 1205 3365; x_wconf 88' lang='lat' dir='ltr'>erat,</span> <span class='ocrx_word' id='word_1_206' title='bbox 1218 3289 1360 3354; x_wconf 86' lang='lat' dir='ltr'>distabat</span> 
     </span>
     <span class='ocr_line' id='line_1_25' title="bbox 181 3397 312 3463; baseline -0.023 0"><span class='ocrx_word' id='word_1_207' title='bbox 181 3398 262 3463; x_wconf 88' lang='lat' dir='ltr'>min.</span> <span class='ocrx_word' id='word_1_208' title='bbox 281 3397 312 3461; x_wconf 87' lang='lat' dir='ltr'>d.</span> 
     </span>
    </p>

    <p class='ocr_par' dir='ltr' id='par_1_9' title="bbox 182 3507 1362 3813">
     <span class='ocr_line' id='line_1_26' title="bbox 270 3507 1361 3591; baseline 0.002 -16"><span class='ocrx_word' id='word_1_209' title='bbox 270 3508 331 3575; x_wconf 85' lang='lat' dir='ltr'>Die</span> <span class='ocrx_word' id='word_1_210' title='bbox 348 3508 489 3584; x_wconf 88' lang='lat' dir='ltr'>decima,</span> <span class='ocrx_word' id='word_1_211' title='bbox 507 3509 590 3572; x_wconf 88' lang='lat' dir='ltr'>hora</span> <span class='ocrx_word' id='word_1_212' title='bbox 607 3509 714 3591; x_wconf 90' lang='lat' dir='ltr'>prima</span> <span class='ocrx_word' id='word_1_213' title='bbox 732 3511 813 3573; x_wconf 89' lang='lat' dir='ltr'>min.</span> <span class='ocrx_word' id='word_1_214' title='bbox 833 3507 886 3586; x_wconf 86' lang='lat'>3⁰,</span> <span class='ocrx_word' id='word_1_215' title='bbox 905 3509 1050 3577; x_wconf 83' lang='lat' dir='ltr'>stellulae</span> <span class='ocrx_word' id='word_1_216' title='bbox 1067 3510 1167 3586; x_wconf 77' lang='lat' dir='ltr'>bina,</span> <span class='ocrx_word' id='word_1_217' title='bbox 1183 3510 1361 3577; x_wconf 88' lang='lat' dir='ltr'>admodum</span> 
     </span>
     <span class='ocr_line' id='line_1_27' title="bbox 183 3619 1362 3704; baseline 0.002 -20"><span class='ocrx_word' id='word_1_218' title='bbox 183 3619 326 3700; x_wconf 78' lang='lat' dir='ltr'>exigua,</span> <span class='ocrx_word' id='word_1_219' title='bbox 341 3619 516 3684; x_wconf 87' lang='lat' dir='ltr'>orientales</span> <span class='ocrx_word' id='word_1_220' title='bbox 529 3620 633 3683; x_wconf 81' lang='lat' dir='ltr'>amba</span> <span class='ocrx_word' id='word_1_221' title='bbox 648 3620 682 3683; x_wconf 93' lang='lat' dir='ltr'>in</span> <span class='ocrx_word' id='word_1_222' title='bbox 694 3620 754 3684; x_wconf 87' lang='lat' dir='ltr'>lali</span> <span class='ocrx_word' id='word_1_223' title='bbox 765 3620 977 3704; x_wconf 83' lang='lat' dir='ltr'>dispositione</span> <span class='ocrx_word' id='word_1_224' title='bbox 995 3625 1076 3687; x_wconf 83' lang='lat' dir='ltr'>visae</span> <span class='ocrx_word' id='word_1_225' title='bbox 1094 3625 1180 3688; x_wconf 91' lang='lat' dir='ltr'>sunt.</span> <span class='ocrx_word' id='word_1_226' title='bbox 1194 3621 1362 3687; x_wconf 81' lang='lat' dir='ltr'>Remotior</span> 
     </span>
     <span class='ocr_line' id='line_1_28' title="bbox 182 3729 1361 3813; baseline 0.001 -19"><span class='ocrx_word' id='word_1_227' title='bbox 182 3729 327 3794; x_wconf 84' lang='lat' dir='ltr'>distabat</span> <span class='ocrx_word' id='word_1_228' title='bbox 345 3747 366 3793; x_wconf 91' lang='lat' dir='ltr'>a</span> <span class='ocrx_word' id='word_1_229' title='bbox 383 3729 465 3794; x_wconf 83' lang='lat' dir='ltr'>love</span> <span class='ocrx_word' id='word_1_230' title='bbox 485 3730 565 3795; x_wconf 92' lang='lat' dir='ltr'>min.</span> <span class='ocrx_word' id='word_1_231' title='bbox 586 3729 639 3805; x_wconf 88' lang='lat'>10,</span> <span class='ocrx_word' id='word_1_232' title='bbox 658 3732 799 3795; x_wconf 88' lang='lat' dir='ltr'>vicinior</span> <span class='ocrx_word' id='word_1_233' title='bbox 812 3750 892 3799; x_wconf 86' lang='lat' dir='ltr'>vero</span> <span class='ocrx_word' id='word_1_234' title='bbox 909 3735 990 3797; x_wconf 87' lang='lat' dir='ltr'>min.</span> <span class='ocrx_word' id='word_1_235' title='bbox 1008 3733 1029 3795; x_wconf 87' lang='lat'>0</span> <span class='ocrx_word' id='word_1_236' title='bbox 1047 3748 1111 3796; x_wconf 87' lang='lat' dir='ltr'>sec.</span> <span class='ocrx_word' id='word_1_237' title='bbox 1131 3730 1187 3808; x_wconf 81' lang='lat'>20,</span> <span class='ocrx_word' id='word_1_238' title='bbox 1203 3737 1361 3813; x_wconf 89' lang='lat' dir='ltr'>erantque</span> 
     </span>
    </p>
   </div>
   <div class='ocr_carea' id='block_1_7' title="bbox 187 3866 1357 4071">
    <p class='ocr_par' dir='ltr' id='par_1_10' title="bbox 187 3866 1357 4071">
     <span class='ocr_line' id='line_1_29' title="bbox 187 3866 1357 4071; baseline 0.001 -75"><span class='ocrx_word' id='word_1_239' title='bbox 187 3906 267 3996; x_wconf 73' lang='lat' dir='ltr'>or.</span> <span class='ocrx_word' id='word_1_240' title='bbox 565 3905 588 3952; x_wconf 79' lang='lat'>*</span> <span class='ocrx_word' id='word_1_241' title='bbox 815 3866 940 4071; x_wconf 65' lang='grc' dir='ltr'>*Θ</span> <span class='ocrx_word' id='word_1_242' title='bbox 1251 3906 1357 3999; x_wconf 73' lang='lat' dir='ltr'>occ.</span> 
     </span>
    </p>
   </div>
   <div class='ocr_carea' id='block_1_8' title="bbox 184 4117 1361 4534">
    <p class='ocr_par' dir='ltr' id='par_1_11' title="bbox 184 4117 1361 4534">
     <span class='ocr_line' id='line_1_30' title="bbox 184 4117 1361 4201; baseline 0.001 -17"><span class='ocrx_word' id='word_1_243' title='bbox 184 4122 218 4184; x_wconf 91' lang='lat' dir='ltr'>in</span> <span class='ocrx_word' id='word_1_244' title='bbox 238 4120 352 4185; x_wconf 87' lang='lat' dir='ltr'>eadem</span> <span class='ocrx_word' id='word_1_245' title='bbox 372 4124 470 4183; x_wconf 88' lang='lat' dir='ltr'>recta.</span> <span class='ocrx_word' id='word_1_246' title='bbox 489 4117 578 4182; x_wconf 91' lang='lat' dir='ltr'>Hora</span> <span class='ocrx_word' id='word_1_247' title='bbox 597 4124 708 4184; x_wconf 83' lang='lat' dir='ltr'>autem</span> <span class='ocrx_word' id='word_1_248' title='bbox 724 4124 857 4200; x_wconf 88' lang='lat' dir='ltr'>quarta,</span> <span class='ocrx_word' id='word_1_249' title='bbox 881 4119 981 4185; x_wconf 88' lang='lat' dir='ltr'>Stella</span> <span class='ocrx_word' id='word_1_250' title='bbox 1005 4119 1079 4184; x_wconf 85' lang='lat' dir='ltr'>lovi</span> <span class='ocrx_word' id='word_1_251' title='bbox 1107 4122 1258 4201; x_wconf 86' lang='lat' dir='ltr'>proxima</span> <span class='ocrx_word' id='word_1_252' title='bbox 1289 4140 1361 4185; x_wconf 91' lang='lat' dir='ltr'>am-</span> 
     </span>
     <span class='ocr_line' id='line_1_31' title="bbox 185 4229 1360 4312; baseline -0.002 -17"><span class='ocrx_word' id='word_1_253' title='bbox 185 4233 271 4312; x_wconf 88' lang='lat' dir='ltr'>plius</span> <span class='ocrx_word' id='word_1_254' title='bbox 288 4249 354 4295; x_wconf 92' lang='lat' dir='ltr'>uon</span> <span class='ocrx_word' id='word_1_255' title='bbox 373 4229 564 4311; x_wconf 89' lang='lat' dir='ltr'>apparebat;</span> <span class='ocrx_word' id='word_1_256' title='bbox 583 4229 687 4293; x_wconf 88' lang='lat' dir='ltr'>altera</span> <span class='ocrx_word' id='word_1_257' title='bbox 704 4248 833 4311; x_wconf 86' lang='lat' dir='ltr'>quoque</span> <span class='ocrx_word' id='word_1_258' title='bbox 857 4231 939 4295; x_wconf 89' lang='lat' dir='ltr'>adeo</span> <span class='ocrx_word' id='word_1_259' title='bbox 968 4230 1142 4296; x_wconf 91' lang='lat' dir='ltr'>imminuta</span> <span class='ocrx_word' id='word_1_260' title='bbox 1171 4231 1360 4304; x_wconf 85' lang='lat' dir='ltr'>videbatur,</span> 
     </span>
     <span class='ocr_line' id='line_1_32' title="bbox 186 4337 1360 4423; baseline 0.001 -20"><span class='ocrx_word' id='word_1_261' title='bbox 186 4345 223 4404; x_wconf 90' lang='lat' dir='ltr'>ut</span> <span class='ocrx_word' id='word_1_262' title='bbox 240 4343 298 4404; x_wconf 85' lang='lat' dir='ltr'>vix</span> <span class='ocrx_word' id='word_1_263' title='bbox 317 4343 408 4406; x_wconf 87' lang='lat' dir='ltr'>comi</span> <span class='ocrx_word' id='word_1_264' title='bbox 426 4349 550 4423; x_wconf 84' lang='lat' dir='ltr'>posset,</span> <span class='ocrx_word' id='word_1_265' title='bbox 569 4337 645 4405; x_wconf 90' lang='lat' dir='ltr'>licet</span> <span class='ocrx_word' id='word_1_266' title='bbox 664 4358 719 4404; x_wconf 89' lang='lat' dir='ltr'>aer</span> <span class='ocrx_word' id='word_1_267' title='bbox 737 4342 915 4422; x_wconf 82' lang='lat' dir='ltr'>praeclarus</span> <span class='ocrx_word' id='word_1_268' title='bbox 933 4346 1032 4417; x_wconf 86' lang='lat' dir='ltr'>esset,</span> <span class='ocrx_word' id='word_1_269' title='bbox 1050 4346 1082 4405; x_wconf 90' lang='lat' dir='ltr'>et</span> <span class='ocrx_word' id='word_1_270' title='bbox 1105 4361 1126 4406; x_wconf 93' lang='lat' dir='ltr'>a</span> <span class='ocrx_word' id='word_1_271' title='bbox 1146 4340 1228 4409; x_wconf 83' lang='lat' dir='ltr'>love</span> <span class='ocrx_word' id='word_1_272' title='bbox 1251 4358 1360 4408; x_wconf 86' lang='lat' dir='ltr'>romo-</span> 
     </span>
     <span class='ocr_line' id='line_1_33' title="bbox 188 4450 1109 4534; baseline 0.005 -23"><span class='ocrx_word' id='word_1_273' title='bbox 188 4450 266 4526; x_wconf 90' lang='lat' dir='ltr'>tior;</span> <span class='ocrx_word' id='word_1_274' title='bbox 284 4472 383 4533; x_wconf 85' lang='lat' dir='ltr'>quam</span> <span class='ocrx_word' id='word_1_275' title='bbox 403 4460 501 4517; x_wconf 83' lang='lat' dir='ltr'>antec</span> <span class='ocrx_word' id='word_1_276' title='bbox 520 4455 605 4525; x_wconf 89' lang='lat' dir='ltr'>erat;</span> <span class='ocrx_word' id='word_1_277' title='bbox 620 4451 763 4517; x_wconf 86' lang='lat' dir='ltr'>distabat</span> <span class='ocrx_word' id='word_1_278' title='bbox 779 4453 940 4534; x_wconf 84' lang='lat' dir='ltr'>siquidem</span> <span class='ocrx_word' id='word_1_279' title='bbox 958 4454 1037 4519; x_wconf 92' lang='lat' dir='ltr'>min.</span> <span class='ocrx_word' id='word_1_280' title='bbox 1058 4452 1109 4517; x_wconf 75' lang='lat'>12.</span> 
     </span>
    </p>
   </div>
   <div class='ocr_carea' id='block_1_9' title="bbox 0 0 1564 5154">
    <p class='ocr_par' dir='ltr' id='par_1_12' title="bbox 0 0 1564 5154">
     <span class='ocr_line' id='line_1_34' title="bbox 0 0 1564 5154; baseline 0 0"><span class='ocrx_word' id='word_1_281' title='bbox 0 0 1564 5154; x_wconf 95' lang='lat' dir='ltr'> </span> 
     </span>
    </p>
   </div>
  </div>
 </body>
</html>
