3304 5282
330 397 395 465 3³8
715 407 817 458 ructat
837 411 943 459 caat}
968 411 1007 458 u
1029 409 1129 458 attat

330 541 437 636 spicdo
455 551 655 616 iaterraiaato
683 548 815 613 ot'tibilic
834 558 889 612 est.
908 547 1031 612 Luotea
1058 567 1117 631 per
1134 567 1166 612 re
1183 549 1300 614 visibile
1318 559 1378 624 est,
1398 560 1434 616 at
1454 571 1524 618 mom

326 667 441 744 prima,
459 660 513 724 ced
530 659 653 722 ratione
671 659 757 723 rodii
779 659 822 722 ad
847 675 981 740 opacum
999 660 1173 732 terminali,
1191 677 1213 724 a
1230 679 1292 741 qua
1308 672 1426 728 manat
1445 673 1523 728 tart-

330 789 425 854 quam
442 769 510 850 ejus
527 770 643 851 operies
662 778 691 832 et
709 771 825 850 imaqo.
844 766 1031 848 Letaiqitur
1051 771 1170 850 prima,
1189 787 1227 832 ac
1241 787 1300 851 per
1317 789 1364 845 re,
1383 773 1521 837 risibilia

329 889 388 944 ert.-
406 886 435 942 el
454 880 596 960 primum
626 879 713 943 aaut
742 879 912 960 objectum,
940 878 1066 954 radiat,
1096 880 1152 962 qai
1178 887 1208 944 et
1231 879 1289 943 lac
1308 881 1467 962 producta
1489 893 1522 946 et

330 1007 465 1054 manaae
482 1008 504 1053 a
523 989 589 1053 lucc
608 989 746 1080 eorpoqis
770 989 879 1062 lucidi,
899 1007 964 1052 aaa
982 997 1028 1052 ert
1044 1007 1101 1069 per
1118 1006 1149 1052 se
1168 989 1317 1066 visibilis,
1333 1002 1370 1055 ut
1386 997 1521 1074 raperi-

328 1109 432 1164 meoto
444 1108 548 1182 patet:
562 1117 640 1163 oam
658 1101 694 1162 ia
711 1099 884 1180 diapltaam
903 1098 959 1162 ubi
974 1117 1016 1162 ca
1034 1099 1086 1162 rui
1100 1107 1221 1164 natura
1233 1099 1434 1180 producitur,
1455 1121 1519 1165 me-

329 1228 491 1292 quaquam
518 1209 664 1283 oidetur,·
691 1226 792 1291 quaro
822 1207 932 1273 radiat
962 1210 998 1272 ia
1027 1209 1205 1290 diapbamv,
1234 1227 1305 1274 vere
1334 1210 1517 1292 diapbaroo,

325 1321 511 1403 produqtm,
530 1321 671 1383 etiamsi
693 1321 728 1384 in
758 1320 920 1402 infinitam
948 1319 1158 1401 producatur,
1189 1338 1365 1402 numquam
1381 1321 1518 1386 oiribilit

329 1441 387 1503 ert,
412 1431 539 1508 areima
559 1447 693 1512 opacam
723 1431 918 1494 terminetur.
948 1428 1117 1512 Maaiserte
1147 1431 1203 1494 bac
1231 1441 1277 1494 est
1306 1442 1518 1514 compertum:

326 1546 442 1624 prima,
461 1545 538 1626 quia
560 1545 588 1606 ti
606 1542 717 1606 radiat
745 1543 936 1606 admittatur
963 1544 999 1606 ia
1029 1543 1208 1608 cubiculum
1235 1545 1431 1622 tenebratum
1457 1565 1519 1628 per

328 1653 457 1736 aliquod
482 1655 641 1736 faramea,
672 1654 724 1718 cai
752 1652 890 1717 alterum
907 1671 923 1717 e
942 1656 1068 1734 reqioae
1091 1653 1288 1735 respondeat,
1308 1659 1355 1721 ila
1372 1667 1409 1722 ut
1427 1667 1517 1724 recto

328 1767 456 1830 tramite
471 1764 627 1828 admissae
643 1763 754 1827 radiat
769 1781 828 1845 pcr
846 1782 949 1827 unum
964 1765 1125 1846 faramea,
1139 1783 1199 1846 per
1216 1764 1354 1829 alterum
1371 1767 1518 1848 eqrcdia-

330 1889 384 1942 tur
401 1885 430 1940 ct
447 1883 611 1948 trauseat:
632 1893 734 1955 aeque
756 1873 935 1938 cubiculum
956 1873 1184 1948 illrutrabitur,
1203 1893 1303 1957 oeque
1323 1877 1436 1942 radius
1454 1879 1518 1943 erit

329 1989 534 2068 compicuor:
551 1985 701 2059 secundo,
720 1985 798 2065 quia
816 1981 872 2048 Sol
890 1986 925 2047 io
942 1983 991 2047 die
1009 1987 1122 2048 emittit
1138 1985 1244 2050 radiat
1268 1985 1436 2052 lumioaror
1453 2005 1517 2068 ptr

329 2105 428 2160 torma
446 2094 713 2174 ltemlcpbariam
728 2097 786 2175 qut
801 2103 907 2158 tamea
922 2112 988 2158 aaa
1005 2093 1167 2167 uideatur,
1184 2097 1248 2159 uiti
1261 2113 1355 2177 prope
1378 2094 1515 2160 Terram

328 2215 357 2270 et
376 2221 474 2286 opaca
491 2219 623 2284 corpora
651 2204 735 2267 uude
757 2205 979 2286 reflectuntur,
997 2221 1069 2267 aum
1088 2213 1193 2270 tamea
1210 2207 1247 2268 io
1263 2223 1408 2287 amomo
1424 2223 1513 2278 aere,

329 2317 385 2399 qui
403 2315 486 2378 later
507 2312 626 2382 Galum
643 2321 673 2376 et
692 2311 825 2379 Terram
840 2323 898 2388 ert,
917 2315 1046 2378 minime
1064 2315 1314 2396 conspiciantur,
1330 2317 1395 2379 oiri
1411 2333 1435 2378 a
1451 2333 1517 2380 ou·

330 2425 419 2489 bibur
449 2433 603 2506 tanquam
632 2426 736 2505 opacis
767 2425 878 2508 rellerci
906 2423 1044 2507 suerint.-
1064 2426 1171 2498 tertio,
1190 2426 1268 2506 qaia
1290 2425 1374 2490 idem
1402 2424 1460 2490 Sol
1481 2429 1516 2490 io

329 2543 417 2600 ooote
434 2551 507 2598 ruat
525 2533 631 2598 radiat
649 2533 799 2617 diffundit
817 2536 853 2598 ia
871 2535 1057 2598 unibertum
1075 2533 1208 2608 Galum,
1227 2553 1300 2599 oum
1318 2545 1426 2600 tameo
1446 2537 1516 2602 Ga-

329 2646 395 2710 lum
408 2648 512 2728 iprum
525 2661 591 2708 roo
610 2643 803 2718 illuminem,
819 2645 882 2709 alti
900 2647 936 2708 ia
953 2644 1048 2709 otellir
1065 2647 1154 2726 ipsit,
1175 2653 1338 2727 tamquam
1355 2649 1391 2712 io
1408 2649 1515 2714 naias

328 2765 358 2822 et
368 2755 473 2822 maiis
486 2753 561 2817 Gali
569 2754 714 2835 partibus
729 2755 853 2835 recepti.
865 2753 946 2819 Dlai
957 2755 1205 2829 autamradium
1215 2758 1251 2820 io
1261 2757 1426 2840 diapltaoa
1439 2775 1512 2823 oere

327 2863 769 2947 diaplrartaproductammoo
780 2879 844 2927 erte
856 2863 1019 2938 odibilem·
1030 2865 1240 2948 dupleocmim
1251 2867 1512 2950 ettdiapltaaam:

328 2993 440 3050 mum,
452 2973 536 3057 quod
548 2991 589 3038 ea
599 2973 651 3039 tui
666 2982 786 3038 matura
797 2973 992 3056 diapbaoum
1002 2985 1060 3050 ert,
1072 2995 1109 3040 ac
1121 2995 1193 3042 aere
1203 2977 1409 3060 diaphoniam,
1421 2979 1512 3044 moda

329 3081 461 3170 rlriplao
479 3095 509 3150 et
525 3101 645 3168 purum
662 3085 698 3148 in
712 3085 764 3150 rui
781 3094 903 3150 matura
919 3089 976 3161 rit:
994 3090 1129 3154 alterum
1147 3098 1266 3164 aotam
1285 3089 1370 3172 quod
1386 3109 1453 3156 ooo
1470 3101 1514 3156 ert

329 3210 400 3261 uere
418 3197 627 3280 diaphoniam,
646 3195 742 3261 etlam
755 3195 791 3259 io
808 3197 933 3292 siucero
950 3205 1045 3279 atque
1064 3200 1212 3264 immixta
1229 3203 1281 3264 rui
1299 3208 1423 3267 natura
1440 3221 1514 3268 cart·

244 3347 246 3353 2
304 3285 499 3370 ’cauatam
519 3305 623 3370 Primi
646 3309 769 3387 qaaerit
787 3307 948 3390 diapbaaa
965 3319 1041 3374 tuot
1058 3309 1189 3384 Galum,
1204 3313 1314 3387 atber,
1334 3315 1414 3388 siue,
1435 3315 1515 3398 quod

329 3413 438 3478 dicam
468 3417 572 3494 iqaem
609 3415 691 3482 Cala
718 3419 915 3500 camimum,
939 3428 968 3484 et
995 3437 1061 3483 aer.
1091 3419 1209 3486 Galam
1237 3431 1347 3486 autem
1377 3441 1450 3490 acre
1477 3441 1512 3487 ac

327 3523 431 3607 primo
448 3521 643 3605 diapbaaom
661 3536 721 3603 ert,
737 3531 815 3610 quio
832 3529 1109 3611 simplicissimum,
1121 3540 1150 3594 et
1165 3531 1286 3596 oollam
1303 3533 1443 3598 admittit
1456 3551 1511 3615 pe-

331 3634 466 3716 reqrioo
484 3637 531 3698 rei
548 3639 817 3704 commiatiaaem:
835 3639 907 3703 ltuic
935 3641 1077 3720 pracime
1100 3642 1218 3706 accedit
1238 3644 1321 3722 iqoir
1344 3643 1391 3708 illl
1407 3644 1511 3709 coati-

329 3761 428 3825 qourq
445 3761 483 3809 ao
506 3747 595 3810 tertio
624 3747 689 3812 loco
718 3747 854 3812 comedit
877 3765 952 3822 aer,
978 3753 1036 3831 qui
1060 3767 1120 3814 ruo
1147 3751 1273 3833 quidem
1301 3763 1424 3820 matura
1445 3771 1514 3818 oerr

330 3856 508 3940 diapltartar
526 3867 585 3930 eet,
616 3865 665 3932 at,
693 3857 731 3921 ab
758 3857 986 3924 adulationem
1014 3877 1168 3942 vaporum
1186 3871 1216 3925 et
1233 3861 1332 3927 alimi
1361 3865 1512 3946 corporo,

330 3985 395 4031 aaa
412 3983 532 4051 temper
553 3985 624 4032 oorc
653 3968 831 4050 diopbaoao
861 3969 1136 4037 catabathmos
1168 3981 1276 4036 aotam
1298 3976 1419 4055 qenerir
1440 3973 1513 4036 dia·-

330 4077 437 4156 pbaaa
454 4087 530 4146 ruat
547 4095 648 4160 aqua,
668 4079 863 4161 crystallum.
885 4082 1018 4153 vitrum,
1036 4099 1165 4162 qcmma
1185 4083 1297 4147 etalio
1319 4081 1513 4164 hujusmodi:

330 4202 400 4266 qua
415 4190 534 4266 partim
552 4187 591 4251 ab
610 4187 786 4253 admixtam
805 4200 941 4254 terream
955 4193 1144 4272 partionem,
1157 4195 1277 4275 partim
1291 4193 1328 4258 ob
1343 4191 1513 4258 crassitiem

329 4296 485 4376 partium,
506 4305 542 4360 at
560 4313 646 4380 aquo
663 4305 692 4359 et
710 4298 838 4378 placor,
858 4319 923 4365 ooo
946 4310 1022 4364 root
1048 4303 1180 4384 persocia
1203 4305 1372 4387 diapllaoa.
1395 4301 1432 4366 llt
1449 4319 1516 4367 aa·

332 4412 391 4467 tem
416 4405 471 4468 boa
493 4404 566 4470 bem
595 4405 804 4488 iatalliqatur‚
824 4419 941 4493 oportet
960 4429 1131 4494 ruppomre
1150 4413 1229 4496 qaid
1247 4415 1289 4478 rit
1310 4415 1515 4498 diapltattom.

330 4513 390 4579 llrt
408 4523 514 4580 autem
532 4513 727 4598 diaplaoum
741 4522 868 4602 proprie
887 4527 1165 4604 transpirenavit
1183 4524 1312 4591 uerbum
1331 4523 1426 4590 uerbo
1443 4539 1515 4588 oer-
