3304 5282
322 393 387 459 316
700 409 801 456 suctus
824 409 930 456 caetu
953 407 992 456 stt
1015 405 1115 454 cussa

322 566 339 604 u
364 541 459 608 Luna
475 551 520 606 est
538 559 650 624 corpus
670 544 846 626 imperfecte
863 544 1064 624 spbaricum.
1084 541 1214 606 sumsit
1233 557 1343 624 eorpus
1361 546 1506 609 malms

322 677 340 716 u
364 653 404 718 ab
423 653 533 717 ultimo
554 652 634 716 Calo
653 653 845 736 elonqatum,
866 662 902 716 ut
925 671 1023 734 supra
1044 653 1128 717 diait
1146 651 1340 718 Aristotelem
1366 664 1403 718 tu
1426 651 1516 718 aero*

322 788 339 826 u
364 767 399 828 in
416 765 471 829 bac
490 781 555 828 non
577 763 752 844 dediqneris
775 763 1011 827 considerares
1037 760 1114 826 Hac
1133 760 1330 826 Suessamcs:
1347 780 1368 827 a
1386 781 1449 844 quo
1468 765 1506 826 iu

321 876 375 938 boc
389 871 526 938 Galileus
541 873 705 956 discrepat,
721 873 805 954 quod
823 869 1004 937 Suessamu
1020 873 1207 954 inaqualem
1222 873 1347 937 uidetur
1360 881 1507 938 astruere

319 984 513 1067 superficiem
529 983 721 1047 maculosam
738 982 853 1055 Luna,
873 993 902 1046 et
920 984 962 1046 ad
983 991 1103 1047 umntes
1132 991 1161 1045 et
1184 981 1337 1046 conualles
1361 999 1432 1048 eam
1452 1001 1508 1047 re-

319 1097 420 1176 [errm
451 1090 589 1157 Galileus
618 1101 740 1166 autem,
771 1110 841 1156 eam
870 1095 1063 1176 superficiem
1093 1092 1198 1157 lovem
1216 1101 1246 1156 et
1268 1091 1420 1175 aqualem
1445 1111 1506 1158 suo

321 1205 479 1286 telescopio
500 1203 657 1286 observat,
682 1203 818 1267 lucidam
847 1213 968 1276 autem,
989 1211 1018 1266 ct
1035 1221 1101 1267 non
1122 1202 1328 1276 maculosam,
1347 1203 1505 1267 montibus

321 1322 350 1376 et
364 1311 556 1377 conuallibus
576 1313 766 1376 distinctam.
778 1310 886 1394 Neque
906 1311 1155 1376 existimandum
1170 1321 1230 1386 est,
1242 1312 1306 1377 bac
1321 1312 1361 1376 ab
1379 1315 1506 1377 bustru-

320 1424 419 1486 mcnti
436 1431 600 1487 structura
618 1431 648 1485 et
665 1423 855 1504 refractione
879 1421 1023 1496 tununts,
1046 1431 1103 1485 aut
1133 1423 1305 1486 amicorum
1326 1423 1505 1496 radiorum,

322 1532 411 1596 nabis
430 1533 564 1606 ostendi:
582 1535 610 1596 si
628 1534 711 1596 enim
729 1531 825 1596 Lana
843 1533 907 1596 bac
925 1550 991 1596 nan
1010 1532 1150 1606 baberet,
1170 1551 1236 1598 non
1252 1533 1505 1607 ostenderentur.

321 1661 394 1707 eum
417 1645 626 1708 instrumenta
645 1643 699 1706 boc
719 1640 735 1726 (
743 1650 779 1705 ut
798 1659 897 1723 supra
919 1645 1176 1716 nominavimus,
1185 1642 1201 1727 )
1217 1645 1428 1725 propinquius
1450 1645 1506 1726 pat

321 1753 484 1835 objectum.
509 1753 610 1818 Veluti
627 1755 712 1818 enim
734 1753 850 1834 reliqui
869 1752 1010 1817 Planeta
1030 1761 1146 1834 prater
1169 1752 1329 1827 Vcnuem,
1347 1771 1385 1817 ac
1403 1761 1508 1818 cetera

321 1872 410 1928 astra
423 1865 538 1946 prima
556 1863 786 1945 mapnitudim's
805 1864 841 1926 in
858 1871 969 1928 octaua
986 1863 1124 1944 spbara,
1143 1881 1214 1946 quse
1233 1865 1320 1944 lonqe
1337 1867 1439 1944 mcqis
1457 1864 1508 1928 di-

320 1982 408 2037 stant
426 1991 523 2054 quam
539 1971 646 2044 Luna,
659 1991 732 2037 cum
745 1972 861 2054 absque
876 1972 1051 2054 perspicillo
1069 1971 1237 2037 videantur
1251 1973 1347 2036 radiis
1365 1974 1508 2037 circum-

322 2082 411 2154 data,
431 2090 459 2144 ct
478 2081 602 2162 qlobum
619 2083 747 2145 minime
763 2083 984 2165 praseferont,
1005 2099 1076 2145 cum
1097 2081 1270 2164 perspicilla
1297 2083 1444 2146 ridentur
1460 2085 1506 2146 ad

322 2194 427 2254 instar
442 2193 573 2272 perfecti
591 2189 686 2271 qlobi,
706 2192 846 2273 undique
867 2191 950 2256 lauis
969 2199 998 2256 et
1014 2191 1159 2274 aqualis,
1173 2192 1290 2274 absque
1304 2191 1416 2265 radiis,
1430 2209 1507 2256 oum

321 2298 405 2364 rodii
421 2303 499 2384 fiant
518 2319 559 2364 ea
576 2302 766 2383 refractione
784 2302 821 2366 ab
837 2303 1035 2375 distantiam:
1052 2301 1312 2384 quemadmodum
1326 2303 1361 2366 in
1376 2301 1509 2366 candela

321 2411 474 2485 videmus,
502 2413 595 2494 cujus
619 2414 724 2478 lanua
742 2431 763 2476 a
783 2412 885 2495 lonqc‚
908 2415 1094 2495 spboerieum
1113 2421 1141 2476 ct
1159 2412 1258 2478 radiis
1277 2411 1509 2476 circumdatum

321 2531 465 2602 apparet,
496 2541 569 2588 cum
586 2541 607 2586 a
624 2525 814 2606 propinquo,
841 2523 1052 2606 pyramidala
1072 2531 1108 2586 ut
1127 2531 1185 2595 est,
1209 2531 1239 2586 et
1260 2521 1378 2604 absque
1407 2521 1508 2586 radiis

322 2631 482 2697 videatur:
501 2635 549 2696 ita
564 2635 685 2715 pariter
708 2636 770 2698 bac
790 2632 1017 2706 Pbaaameuc,
1036 2634 1064 2695 si
1082 2632 1120 2697 ab
1137 2633 1361 2714 refractionem
1378 2631 1508 2696 luminis

322 2751 379 2806 aut
397 2744 569 2807 visualium
595 2743 760 2806 radiorum
778 2746 901 2826 fierent,
920 2742 1103 2806 viderentur
1120 2744 1221 2823 mcqis
1251 2741 1368 2823 absque
1382 2742 1508 2824 perspi·

322 2851 390 2916 cillo
408 2869 505 2934 quam
528 2869 600 2915 cum
626 2851 814 2932 perspicillo,·
843 2869 915 2914 cum
944 2849 1060 2930 absque
1081 2852 1254 2934 perspicillc
1275 2853 1377 2932 maqis
1394 2869 1416 2914 a
1435 2853 1508 2916 auu

321 2962 483 3042 elanqetur
500 2959 668 3042 objectum,
683 2978 756 3023 eum
771 2959 945 3042 perspicillo
958 2968 1065 3024 autem
1082 2963 1290 3044 propinquius
1308 2965 1374 3046 fiat.
1387 2959 1432 3024 Ob
1447 2961 1506 3024 bas

323 3073 437 3152 iqitur‚
457 3081 486 3136 et
504 3073 584 3136 aliar
602 3072 754 3144 rationes,
775 3088 855 3152 quus
871 3072 942 3153 [use
962 3080 992 3134 et
1011 3070 1144 3135 dilucide
1161 3073 1239 3136 satis
1257 3071 1363 3136 attulit
1382 3070 1413 3134 t)
1440 3068 1509 3135 Ga-

323 3183 411 3248 liteus
429 3203 473 3249 ea
488 3185 554 3248 suis
578 3180 847 3248 obseruationibus
865 3183 900 3245 in
918 3179 1055 3263 Sqdereo
1074 3179 1214 3254 Nuncio,
1234 3201 1314 3262 quas
1337 3185 1434 3246 etiam
1452 3201 1507 3246 nos

322 3293 524 3356 recitavimus
544 3295 636 3357 initio
654 3301 769 3356 nostra
783 3291 1021 3373 disputationisc
1034 3310 1088 3373 eqo
1107 3294 1185 3355 satis
1203 3291 1395 3374 probabilem
1411 3313 1508 3376 repu-

325 3410 424 3463 tarem
442 3402 524 3464 bonc
542 3405 745 3477 senteutiam,
760 3403 824 3466 nisi
840 3401 998 3484 aliquibus
1016 3403 1088 3465 aliis
1103 3403 1295 3477 rationibus,
1310 3405 1358 3467 bis
1371 3405 1509 3487 [cesima

323 3508 541 3584 validioribus,
560 3529 621 3592 pro
643 3514 805 3577 contraria
832 3513 992 3576 suadetur.
1016 3509 1063 3574 dc
1087 3515 1206 3594 primo,
1236 3515 1363 3594 [renuo
1391 3517 1425 3597 tit
1447 3531 1506 3596 per

322 3625 426 3705 plura,
445 3624 529 3705 quad
541 3634 642 3707 potest
657 3628 791 3710 ficriper
801 3627 953 3706 pauciora
967 3633 996 3687 et
1007 3643 1094 3706 aque
1108 3624 1182 3688 bene
1195 3621 1244 3711 (t)
1255 3625 1437 3708 sedabsque
1455 3625 1502 3688 lu’s

322 3733 479 3801 montibus
503 3745 532 3798 et
551 3735 697 3807 saltibus,
718 3735 792 3797 bene
809 3751 975 3815 possumus
994 3735 1158 3815 assiqnare
1173 3743 1202 3798 et
1218 3734 1334 3817 offerre
1353 3735 1509 3800 rationem

321 3845 557 3910 observatorum
575 3844 836 3917 Pbaucmenbm,
856 3853 891 3908 ut
910 3845 1013 3927 infra,
1029 3843 1096 3908 Deo
1108 3845 1260 3925 juvante,
1280 3845 1509 3910 demonstrabi-

322 3976 408 4022 mus:
427 3975 500 4040 erqo
517 3957 641 4038 frustra
659 3965 717 4028 est,
737 3957 791 4020 bos
808 3963 929 4019 uwntes
952 3962 982 4018 ct
1005 3953 1097 4018 calles
1117 3973 1244 4035 ponere.
1263 3954 1436 4028 Pratcrea,
1456 3953 1505 4015 bis

321 4067 453 4130 callibus
468 4086 505 4131 ac
520 4066 678 4131 utentibus
690 4067 813 4147 positis.
828 4065 969 4129 nondum
980 4067 1115 4146 perfecte
1131 4073 1250 4130 constat
1265 4067 1348 4130 ratio
1363 4072 1391 4127 ct
1405 4079 1505 4127 casua

320 4179 477 4250 omnium,
497 4195 568 4258 qua
587 4178 622 4238 iu
641 4175 735 4240 Lurco
753 4184 916 4258 apparent.
940 4173 1023 4240 Nam
1042 4183 1119 4248 esto,
1136 4177 1221 4256 quod
1238 4183 1357 4240 mamm
1375 4181 1403 4236 et
1421 4191 1503 4236 cau·

319 4286 415 4351 calles
434 4287 497 4349 sint
516 4303 613 4352 causa
643 4285 770 4348 illarum
797 4287 1070 4370 opportunarum,
1090 4305 1161 4369 quo
1184 4287 1332 4352 uidentur
1355 4287 1388 4350 in
1414 4291 1504 4366 parte

395 4531 428 4592 (t)
451 4528 546 4580 realta
559 4527 668 4577 Postilla
680 4523 714 4576 ab
724 4527 803 4576 XXX.
