3096 5154
454 288 608 371 'cartana
631 322 728 372 succa
751 320 933 370 arceantur.
957 312 1068 368 canant
1103 298 1111 308 '
1297 302 1359 369 107

569 831 729 887 nucu
751 830 973 887 mmm

126 524 217 695 :s
450 596 517 678 so.
558 592 765 731 elaeon
802 594 1086 681 attactam

126 746 142 807 il
184 760 206 765 ''

126 866 139 917 Ι

199 1062 242 1111 nn
261 1058 420 1112 autentu!
436 1060 576 1108 anactea
596 1060 779 1108 curtracum
798 1062 818 1107 e
838 1059 975 1106 caatcao
992 1058 1101 1106 emere
1119 1057 1267 1106 actitata
1290 1044 1333 1098 tt).

706 1261 845 1286 mooe—-

264 1592 355 1659 Inter
370 1593 436 1659 aliu
451 1591 566 1664 mula,
585 1606 656 1671 qua
675 1588 764 1653 nodie
782 1587 920 1654 emerem
945 1585 1068 1653 Galilai
1093 1588 1240 1654 Nuneiue
1264 1605 1363 1660 noca,

176 1706 261 1770 neira
293 1713 324 1768 et
349 1701 564 1768 memorabilia
589 1700 711 1774 retulit,
740 1698 827 1762 laud
853 1706 1031 1764 extremum
1059 1696 1161 1763 locum
1190 1707 1272 1763 tenet
1299 1699 1367 1779 ejus

177 1816 216 1881 de
227 1813 393 1879 altitudine
410 1813 566 1878 montium
582 1812 618 1875 in
635 1827 762 1892 corpore
781 1807 883 1873 Luna
901 1808 1079 1874 dictumue:
1096 1826 1174 1891 quoe
1193 1818 1259 1873 tam
1276 1811 1368 1874 celroe

177 1926 270 2010 fecit,
288 1931 326 1989 ut
342 1943 392 1989 ece
414 1924 501 1988 ultra
522 1921 545 1986 l
566 1921 718 1986 milliaria
734 1918 851 1985 Italica
878 1918 1009 1984 attollat.
1028 1918 1129 1984 Lubet
1157 1921 1257 2000 iqttur
1287 1920 1368 1983 nane

176 2036 451 2100 ratiocinationem
482 2034 664 2099 accuratius
693 2030 896 2113 perpendere,
930 2048 1032 2112 euque
1066 2029 1185 2095 callatie
1220 2031 1304 2094 inter
1336 2047 1367 2091 ee

180 2143 309 2208 dicum
344 2141 467 2209 Gallim
494 2141 760 2209 obemuationiltue
790 2141 857 2221 cjuc
887 2141 1051 2206 acritatem
1083 2141 1254 2222 inquirere.
1287 2137 1368 2201 Dua

181 2258 273 2335 mut.
292 2268 372 2332 quac
390 2251 538 2316 Sidereur
558 2251 704 2318 Nuuciue
728 2251 850 2316 notauit
876 2250 1121 2324 oleeruationee,
1141 2267 1182 2314 eu
1200 2249 1314 2331 quibus
1331 2247 1368 2311 de

180 2361 339 2427 montium
360 2359 486 2425 illorum
503 2362 669 2424 altitudine
698 2363 912 2443 conjecturam
943 2360 1049 2441 facere
1081 2361 1255 2441 qouimue:
1277 2359 1369 2440 prior

179 2478 242 2545 eu,
260 2487 332 2552 qua
358 2477 476 2550 umqum
506 2470 740 2551 anticipationis
770 2468 913 2545 luminis,
939 2468 1041 2533 alteru
1069 2486 1140 2550 qua
1169 2467 1369 2531 intervalium

180 2581 267 2644 inter
286 2579 432 2644 uerticem
453 2579 683 2652 illuminatum,
706 2587 737 2640 et
760 2580 932 2643 terminum
954 2579 1032 2644 lacit
1052 2579 1220 2662 siqnificat.
1247 2574 1370 2652 Quam·

179 2690 228 2755 oie
245 2689 329 2755 enim
346 2688 402 2752 illa
418 2688 533 2752 certior
550 2686 709 2760 uideatur,
732 2689 797 2751 leae
819 2690 971 2754 incertior
987 2698 1018 2753 et
1035 2689 1138 2754 errori
1154 2689 1255 2768 maqie
1272 2685 1371 2751 olno-

178 2800 252 2872 uia,
283 2797 403 2881 qlaeuit
431 2804 537 2861 tamen
564 2793 701 2862 Autleori
727 2798 809 2861 nanc
831 2815 892 2880 qro
919 2800 974 2863 itta
999 2798 1158 2880 amplecti,
1187 2806 1216 2861 et
1243 2814 1285 2860 eu
1311 2797 1370 2861 nae

179 2906 248 2973 tola
275 2908 433 2971 montium
461 2924 644 2972 meneutam
672 2909 873 2988 inoestiqare.
902 2905 1023 2994 Scribit
1049 2908 1115 2982 illc,
1144 2926 1177 2972 ee
1205 2909 1369 2989 aliquoties

180 3019 270 3081 intra
305 3015 501 3080 umbrarum
536 3014 637 3080 Luna
672 3026 797 3099 partem
832 3019 1011 3084 oleeroame
1047 3020 1205 3082 montium
1240 3019 1369 3080 uertices

182 3124 349 3192 nonneellcc
383 3124 500 3189 lumine
529 3128 689 3209 persuum,
723 3126 839 3192 liceto
866 3130 1000 3194 termino
1033 3127 1111 3191 lucie
1143 3128 1221 3190 catis
1247 3128 1370 3208 suerint

181 3236 313 3311 remoti,
345 3253 482 3317 quorum
514 3235 668 3300 distantia
703 3255 725 3301 a
754 3246 848 3320 purte
885 3238 989 3302 lucida
1009 3237 1109 3318 suerit
1144 3236 1289 3319 aqualis,
1323 3237 1372 3301 cel

182 3348 279 3412 etiam
303 3346 426 3427 maior,
454 3346 604 3427 ciquima
629 3355 718 3428 pario
745 3346 892 3412 diametri
919 3346 1064 3421 lunarii,
1091 3354 1128 3411 ut
1154 3348 1191 3411 in
1216 3349 1369 3412 uleneate

181 3457 304 3539 adiecta
331 3451 429 3541 (Tali.
450 3456 509 3534 111,
529 3457 601 3540 Εἰς.
622 3455 667 3542 1).
690 3453 742 3520 Sit
764 3475 876 3538 corque
897 3455 1000 3521 Luna
1024 3457 1158 3532 caret,
1180 3459 1274 3540 cujus
1291 3475 1369 3540 pare

140 3552 147 3563 “
184 3566 342 3632 luminam
365 3566 465 3643 aad,
490 3567 652 3633 tenebrosa
669 3585 743 3632 uero
767 3564 872 3641 aad,
895 3576 926 3632 et
944 3570 981 3634 in
998 3571 1057 3634 lac
1073 3587 1162 3633 mane
1180 3567 1258 3642 AD,
1278 3569 1370 3650 cujus

183 3686 292 3743 carten
310 3677 356 3752 lt,
374 3696 396 3742 a
413 3679 504 3743 radio
521 3676 604 3743 Sclie
624 3674 712 3743 GCD
730 3679 923 3754 illustratus,
943 3681 1035 3745 dictu
1053 3697 1076 3744 a
1095 3681 1228 3744 termino
1250 3680 1327 3743 lucie
1347 3679 1371 3742 G

184 3787 348 3855 interuallo
372 3788 442 3864 CI),
462 3789 545 3871 quod
565 3789 607 3853 cit
624 3787 653 3866 ql,
670 3789 815 3855 diametri
839 3789 910 3855 Gli:
932 3791 1079 3872 qualium
1100 3791 1201 3870 iqitur
1222 3788 1371 3853 diameter

184 3897 285 3963 Lana
301 3900 439 3962 sumitur
455 3899 642 3964 milliarium
658 3898 845 3969 Italicorum
862 3901 966 3978 2000,
979 3903 1022 3965 tit
1036 3900 1094 3964 DC
1111 3897 1175 3964 100
1189 3898 1328 3975 milliar„
1342 3907 1371 3961 et

182 4028 239 4091 per
264 4008 470 4092 penultimam
495 4011 590 4092 primi
615 4007 709 4074 It'ucl
735 4008 801 4074 ΕΙ)
830 4010 917 4076 1000
943 4013 999 4091 fl&
1024 4019 1054 4075 et
1080 4012 1174 4095 quasi
1203 4011 1372 4093 auferatur

184 4121 294 4187 radiae
304 4119 366 4184 EA
381 4121 480 4196 1000,
491 4123 688 4205 relinquitur
701 4124 817 4188 montie
831 4121 896 4186 aa
909 4121 1040 4189 altitudo
1055 4123 1144 4202 lille
1157 4140 1199 4188 eu
1214 4122 1372 4188 eontentio

187 4229 319 4299 Galilai.
336 4231 433 4299 Hauc
449 4233 724 4299 ratiocinationem
741 4242 779 4299 ut
792 4234 1016 4341 coustumia,
1035 4237 1082 4301 ita
1096 4235 1166 4317 ciue
1179 4233 1368 4317 quotliecim

258 4465 292 4527 (t)
307 4463 373 4519 lilii.
390 4465 444 4518 tta.
461 4467 492 4517 T.
509 4465 545 4525 ll,
567 4478 624 4530 quq.
640 4469 680 4517 tt.
691 4460 802 4518 40188.
817 4464 899 4518 aaut.
914 4465 964 4519 lac.
979 4464 1024 4519 ult.
1040 4478 1097 4530 peu.
1114 4469 1158 4516 ut.
1173 4462 1284 4523 nonar·
