3096 5154
531 348 570 395 os
594 346 801 396 suasanus
825 349 854 395 m
878 348 958 395 oms
984 348 1071 394 enses
1325 330 1388 396 315

208 489 331 572 quitur,
352 491 387 548 ut
401 486 579 567 superficies
594 483 696 547 Luna
710 485 831 549 nonsit
846 483 929 549 banis
945 493 974 548 et
988 484 1134 566 aquatis,
1152 482 1206 546 sed
1222 483 1388 567 inoeqnaiis

207 607 237 664 et
252 594 454 680 mantuasafs
472 603 542 659 tum
559 597 637 676 quia
655 593 779 658 nubum
800 596 939 658 continet
961 594 1149 667 absurdum,
1169 596 1222 658 cui
1238 604 1390 676 repupnet

205 709 303 781 ratio,
322 713 380 770 nut
396 720 549 787 supressa
565 698 745 786 sapientma
758 705 948 769 autbaritas.
965 702 1088 779 Ouare,
1109 703 1164 768 ubi
1180 719 1292 766 sensus
1310 704 1391 767 imm

206 817 352 884 ommibus
371 816 578 888 domonstrat,
598 822 627 877 ct
645 815 729 878 ratio
751 832 817 879 nan
839 814 1039 886 contradicit,
1058 812 1319 895 acquiescendum
1336 822 1390 877 est.

207 927 260 992 Ad
274 929 340 993 boc
359 943 434 992 uera
450 943 517 990 non
533 925 624 990 moda
643 943 708 989 non
729 926 874 1006 sequitur
897 924 1072 988 absurdum
1089 924 1230 1005 aliquod,
1248 926 1391 1005 quinimo

202 1036 409 1120 probabilitas
424 1055 490 1101 aaa
507 1036 657 1101 minino:
674 1034 1226 1117 queaeeimsepattarabsurdau,
1244 1037 1272 1099 si
1291 1034 1391 1100 Luna

206 1148 385 1231 superficies
403 1164 469 1210 nan
487 1147 528 1208 sit
545 1133 705 1226 aquatis?¹
714 1143 858 1226 Namque
878 1146 961 1208 ratio
978 1145 1047 1218 iba,
1062 1144 1100 1209 ab
1119 1163 1217 1226 quam
1235 1144 1391 1210 Aristote-

209 1256 268 1330 ies,
284 1255 421 1321 secunda
437 1255 473 1319 de
496 1253 593 1328 Cata,
611 1255 737 1328 statuit,
756 1252 883 1318 Lunam
896 1256 1081 1336 spboricam
1099 1272 1178 1329 cese,
1192 1274 1231 1320 ac
1245 1256 1388 1338 deinceps

210 1382 253 1428 eu
270 1363 370 1429 Luna
391 1363 584 1430 rotunditate
602 1371 778 1428 ceterorum
792 1365 916 1445 pariter
933 1372 1094 1429 astrorum
1110 1367 1248 1448 fpuram
1269 1369 1391 1448 arpuit,

208 1474 312 1542 adbuc
329 1483 451 1548 manet:
471 1473 616 1555 quamuis
645 1472 732 1536 enim
758 1472 828 1553 ejus
857 1474 1034 1557 superficies
1063 1475 1104 1537 sit
1132 1475 1313 1556 inaquaiis,
1335 1495 1392 1540 nec

204 1586 342 1669 perfecte
359 1591 389 1648 et
407 1584 602 1649 adamussim
630 1589 773 1655 tornata,
796 1589 903 1646 tamen
931 1583 1012 1646 nibit
1039 1584 1183 1665 impedit,
1213 1586 1293 1665 puin
1322 1585 1390 1665 efus

207 1712 320 1777 eorpus
337 1694 530 1776 spbaeicum.
544 1701 639 1775 atque
657 1691 819 1774 pibbasunt
833 1694 889 1767 sit,
905 1702 940 1756 ut
960 1692 1067 1759 Terra
1084 1693 1208 1775 eoban
1224 1712 1288 1758 esse
1306 1695 1393 1759 vide·

207 1823 294 1872 mus:
311 1813 343 1870 et
360 1806 417 1870 bac
444 1805 559 1887 sufficit
587 1803 630 1868 ad
651 1802 917 1868 illuminationem
934 1821 955 1867 a
973 1801 1044 1868 sue
1066 1805 1267 1886 inequaliter
1290 1807 1393 1869 susci-

205 1916 369 2000 piendam,
386 1933 428 1981 ea
447 1932 514 1998 qua
532 1911 716 1979 Aristotcles
734 1915 842 1995 arcuit
860 1911 960 1977 Luna
978 1915 1213 1979 rotunditatem.
1231 1913 1393 1990 Ouinima,

161 1995 251 2093 ’,σω
267 2028 429 2110 ipsiusmet
448 2022 630 2090 Aristotelis
651 2023 868 2105 fundamentis
893 2026 1058 2106 sequitur,
1078 2022 1179 2089 Luna
1200 2028 1393 2110 superficiem

209 2153 278 2202 nan
295 2152 360 2200 csse
373 2135 543 2217 aqualem,
562 2153 619 2198 nec
638 2135 775 2216 perfecte
796 2135 998 2216 spbaricam:
1015 2137 1043 2198 si
1061 2137 1147 2199 enim
1163 2154 1240 2202 uero
1257 2144 1303 2200 est
1323 2138 1392 2217 ,ejus

210 2245 392 2326 ssppasitio,
409 2244 544 2309 sumenda
557 2243 594 2307 de
611 2242 703 2318 cete,
717 2261 789 2326 par.
802 2242 860 2318 32,
870 2246 1012 2326 primum
1032 2245 1159 2322 Caium,
1169 2249 1392 2330 perfectissime

212 2363 245 2420 et
261 2361 371 2420 eunus
388 2361 563 2429 tornutium
577 2355 620 2418 ad
636 2354 771 2436 reliquos
786 2357 972 2436 posteriores
991 2357 1080 2422 orbes
1099 2375 1170 2421 eam
1188 2358 1300 2422 bebere
1314 2376 1393 2439 pra-

208 2466 405 2549 portianem,
432 2481 529 2546 quma
556 2464 648 2528 babet
676 2481 763 2546 aqua
791 2466 833 2528 ad
863 2464 1019 2540 Terram,
1050 2475 1079 2530 et
1107 2467 1329 2530 elementorum
1356 2485 1394 2529 ea

210 2592 283 2658 qua
292 2572 367 2656 pisos
381 2591 501 2656 scntper
514 2574 650 2648 distant:
663 2574 773 2648 ueluti,
787 2576 887 2648 enim,
902 2594 989 2658 aqna
1002 2578 1183 2660 perfectiori
1200 2577 1394 2642 rotunditate

206 2685 344 2769 promta
360 2693 407 2749 est
423 2701 522 2767 quam
541 2692 642 2758 terra,
665 2692 695 2749 et
712 2702 769 2748 aer
797 2703 895 2766 quam
912 2704 1013 2768 aqua,
1037 2696 1067 2751 et
1085 2689 1169 2769 ienis
1195 2702 1294 2768 quam
1323 2701 1396 2756 aer:

200 2799 269 2872 ito,
283 2798 370 2863 inter
385 2794 492 2869 arbes,
517 2796 786 2877 perfectissimam
809 2797 900 2860 babet
921 2798 1149 2862 rotunditatem
1162 2798 1305 2879 primum
1325 2792 1395 2857 Go-

210 2907 292 2983 itm,
316 2914 354 2971 ut
382 2905 466 2971 nita
482 2913 542 2971 aut
568 2908 791 2988 manufactum
809 2925 874 2970 sese
898 2907 1009 2972 babeat
1027 2907 1185 2982 similiter,
1216 2914 1274 2970 aut
1306 2904 1396 2968 aiud

210 3017 376 3100 quippiam
390 3033 501 3081 mm
517 3033 588 3097 qua
610 3016 696 3097 apud
714 3034 771 3081 aas
789 3018 825 3080 in
842 3017 940 3082 ocutis
970 3019 1130 3090 emittunt:
1158 3017 1300 3098 deinceps
1321 3033 1395 3080 sero

212 3127 309 3191 ceteri
324 3124 414 3190 orbes
435 3127 544 3189 minus
568 3127 757 3208 perfectam,
785 3146 848 3210 qua
874 3129 976 3208 meeis
994 3145 1016 3190 a
1035 3129 1139 3208 prinw
1167 3127 1302 3190 distant:
1320 3143 1394 3207 ereo

205 3234 315 3301 ‘Luna
331 3234 439 3318 piabat
456 3253 527 3300 eam
540 3237 626 3302 inter
642 3236 778 3319 reliquas
796 3238 884 3303 orbes
903 3237 1027 3301 babebit
1043 3235 1284 3313 rotunditatem,
1296 3251 1394 3318 quam

214 3344 330 3410 babere
354 3344 496 3410 ridemus
529 3344 663 3410 Terram
686 3349 771 3412 inter
789 3355 891 3411 cetero
911 3346 1077 3423 cienunta,
1097 3365 1243 3429 asperam
1261 3346 1396 3421 scilicet,

210 3464 412 3523 monium
428 3464 459 3521 st
475 3455 675 3536 inaquaiem.
697 3454 770 3532 Oua
787 3459 912 3523 ratione
926 3474 1099 3539 persuasus
1118 3455 1320 3539 Aufustinus
1334 3453 1397 3520 Ni·

182 3562 266 3650 ¹'fus
284 3563 482 3639 Suestansu,
500 3574 574 3628 ante
592 3569 750 3649 actaeinta
766 3585 883 3642 annas,
900 3570 981 3631 banc
1001 3567 1132 3630 eandem
1150 3569 1338 3630 sententiam
1360 3565 1396 3628 dc

209 3674 371 3742 mantibus
399 3683 430 3740 et
458 3675 651 3741 mnnaiiibus
669 3680 705 3741 in
723 3677 820 3742 Luna
842 3677 1068 3750 existentibus,
1085 3694 1182 3758 quam
1200 3695 1287 3742 nunc
1307 3673 1398 3740 Gaii-

206 3785 279 3850 irus
302 3784 393 3849 nabis
414 3801 473 3850 suo
492 3786 666 3868 perspiciiia
689 3787 896 3860 doneoastrat,
916 3788 958 3851 ad
975 3795 1111 3850 mentem
1128 3784 1306 3850 Aristotelis
1330 3765 1415 3848 sta-‘

212 3899 289 3970 tuit,
317 3897 355 3960 in
375 3895 614 3961 Commentariis
641 3914 737 3979 super
758 3893 779 3960 2
797 3897 834 3960 de
860 3897 941 3961 Gaia
968 3897 1058 3959 editis
1081 3897 1117 3958 in
1140 3903 1311 3959 commento
1333 3891 1400 3956 t9⁸‘

209 4009 377 4097 partienda
393 4007 465 4083 ubi,
482 4028 555 4075 cum
572 4019 726 4091 quareret
740 4027 870 4073 causam
884 4009 1044 4089 majarum
1058 4005 1257 4070 maeuiarsme
1274 4021 1346 4085 aaa
1362 4005 1399 4066 in

213 4120 310 4188 buna
325 4130 495 4204 apparent,
512 4123 576 4186 isac
592 4121 731 4203 profert:
754 4141 772 4180 «
792 4119 842 4183 Vei
858 4119 996 4200 forsitan
1025 4135 1090 4182 non
1114 4125 1158 4180 est
1175 4123 1332 4180 remotum
1349 4113 1400 4177 di·

216 4256 233 4294 ι
257 4251 341 4309 csrs,
355 4232 458 4299 Luna
471 4242 576 4316 partes
593 4250 657 4296 esse
676 4231 828 4304 diuersas,
844 4230 941 4294 vetuti
958 4237 1035 4293 sunt
1049 4235 1159 4310 partes
1177 4225 1298 4301 Terra,
1316 4241 1400 4307 qua-

218 4364 236 4403 »
259 4361 333 4407 rma
349 4343 420 4408 aba
438 4354 515 4409 sunt
534 4342 670 4414 cadesa,
688 4341 760 4405 aiioe
789 4349 975 4415 montuosae,
994 4358 1035 4404 em
1058 4357 1197 4421 quarum
1223 4335 1400 4422 differentia

219 4476 238 4513 a
263 4454 344 4534 effici
369 4463 469 4536 potest
495 4455 593 4532 facies
622 4452 675 4515 ilia
695 4451 817 4516 Luna:
847 4470 902 4517 nec
924 4459 968 4517 est
991 4452 1110 4516 rationi
1132 4451 1307 4520 dissonum:
1325 4461 1400 4508 nam
