3096 5154
505 351 544 396 aa
568 349 774 397 enanousnts
798 349 826 396 ts
851 349 931 395 ossa
956 349 1042 395 sons
1294 333 1362 401 329

179 497 271 572 atque
288 485 428 568 obliqua,
447 493 484 548 ut
503 484 660 556 acuimus,
679 483 900 555 irradiatione,
919 502 989 565 aaa
1008 492 1037 546 et
1059 483 1262 550 obscuriores.
1284 485 1361 552 Hac

178 617 251 667 osro
269 615 310 662 ea
327 615 362 660 eo
376 596 479 674 napis
498 597 661 678 annm,
679 592 971 674 qnodobseroatnr,
983 593 1244 674 auenadnsobum
1258 597 1363 677 inquit

178 709 219 774 D.
240 707 394 780 Gabiteus,
414 704 549 769 uotam
566 703 668 769 Lana
688 712 811 786 partera
828 705 875 767 bis
893 704 1007 768 arceiis
1025 721 1089 768 esse
1104 705 1283 770 distinctam
1295 707 1364 788 [re-

177 819 408 903 paratissimis,
434 825 471 880 nt
496 824 541 880 est
568 817 701 896 pavonis
729 815 833 880 cauda
855 814 968 887 ocutis,
987 823 1044 879 aut
1061 813 1207 895 absentes
1225 816 1364 898 crystabi

176 931 243 993 anis
260 927 412 999 naulis:
431 926 514 1007 quoa
529 926 695 1007 manifeste
715 925 944 989 distinctionem
963 925 1060 989 lucidi
1074 935 1102 989 ct
1113 926 1202 1007 opaci
1213 928 1248 990 in
1259 927 1365 991 eadem

176 1041 338 1122 superficie
363 1039 541 1119 praestent,
570 1045 607 1100 ut
624 1038 661 1100 in
678 1036 815 1100 nabibus
836 1036 1021 1101 clarioribus
1039 1055 1077 1101 ac
1093 1037 1240 1102 tenuibus
1258 1041 1366 1103 neani-

177 1142 296 1223 fcstum
323 1143 371 1224 tit,
400 1147 429 1202 ct
458 1140 494 1202 in
524 1138 628 1203 cadem
652 1138 792 1220 coempta
813 1139 908 1204 obtato
926 1139 1066 1219 abaciam
1081 1141 1230 1222 crystaiti.
1252 1141 1366 1208 Tertia

179 1261 288 1319 autera
305 1250 529 1316 observationis
547 1258 576 1312 et
596 1259 734 1330 quarta,
749 1267 850 1312 unam
867 1257 963 1330 atauo
979 1250 1224 1332 eanbemspecie
1235 1268 1366 1316 causam

180 1359 492 1441 ascipnanens.·Dico
507 1362 633 1423 tertiam
650 1360 895 1425 observationem
913 1377 996 1432 eam,
1016 1378 1081 1441 qua
1098 1361 1204 1425 matta
1226 1363 1366 1444 capides

179 1474 327 1539 stertens
357 1473 393 1535 in
423 1488 522 1554 opaea
539 1470 640 1535 Luna
654 1479 746 1552 parte
766 1469 989 1544 observantur,
1009 1489 1074 1536 non
1092 1473 1210 1552 caiam
1227 1473 1367 1537 interca-

140 1584 144 1595 '
179 1583 288 1664 pectine
316 1583 357 1646 ab
387 1582 570 1647 ibantinata
599 1581 764 1656 distantes,
794 1600 865 1663 aaa
888 1581 1061 1663 paulatini,
1078 1580 1189 1662 abiona
1201 1584 1367 1663 interiecta

179 1710 282 1766 nora,
301 1693 525 1773 mapnitnbinc
539 1700 569 1756 et
588 1692 705 1756 iumine
720 1699 895 1772 nocentur,
914 1709 952 1754 ae
970 1691 1113 1772 deinceps
1132 1691 1261 1773 reliqua
1278 1695 1367 1774 parti

183 1805 291 1871 haim
306 1812 336 1867 et
357 1803 505 1884 ampliori
516 1802 588 1883 iam
605 1804 698 1884 sacta
710 1801 908 1881 innonatur.
930 1797 1088 1874 Quartam
1105 1808 1214 1865 antem
1228 1800 1296 1866 dico
1312 1801 1368 1866 ob-

181 1917 404 1986 seruationem,
421 1930 493 1994 pua
511 1913 683 1993 apponitur
693 1913 803 1994 fipnroe
817 1911 997 1983 circularis,
1010 1912 1103 1992 cujus
1115 1919 1279 1976 oestrena
1287 1929 1367 1993 par-

181 2033 239 2097 tos,
256 2023 443 2088 ibuminata
462 2021 564 2085 Lana
582 2023 670 2102 parti
688 2020 848 2101 opposita,
868 2019 934 2083 lucc
950 2020 1106 2102 iubentes
1128 2023 1368 2103 conspiciuntur

181 2141 355 2214 annam
372 2132 642 2196 cananaeorum
657 2133 767 2214 flaura
786 2129 843 2193 iun
860 2133 1073 2211 cremauit,-
1091 2139 1128 2194 ut
1141 2132 1224 2196 clarc
1238 2131 1368 2196 aemon

183 2243 297 2308 suaoit
322 2243 359 2304 in
385 2243 453 2305 suis
470 2239 735 2306 obseruationibus
753 2237 795 2302 b.
816 2236 970 2312 Gabiens,
989 2248 1018 2304 et
1037 2259 1093 2305 nos
1112 2243 1206 2306 initia
1223 2241 1368 2322 disputa-

185 2352 282 2416 tionis
301 2351 531 2433 propositiones,
554 2349 814 2432 qnsmabnodsun
843 2349 1031 2430 descriptum
1055 2350 1180 2414 cibetur
1208 2352 1246 2415 in
1275 2353 1368 2416 tertia

184 2465 291 2546 tipara
316 2460 480 2524 bunarium
502 2461 764 2541 apparentiarum
790 2476 862 2538 pua
891 2459 985 2522 initio
1002 2467 1217 2540 apponuntur.
1245 2457 1368 2534 Quibus

183 2571 451 2638 connubentbns
466 2589 507 2635 esc
524 2571 691 2652 suppositis
706 2570 871 2650 principiis
887 2568 1088 2633 videturesse
1104 2569 1224 2651 difficile
1239 2588 1369 2652 respon-

182 2683 269 2747 dere:
286 2698 364 2745 nam
377 2681 407 2744 si
424 2680 530 2745 kann
549 2682 585 2744 ia
601 2689 724 2761 partera
740 2678 883 2759 aliquam
900 2678 1097 2760 biopbanam‘
1111 2679 1247 2762 diffundi
1266 2679 1366 2753 aebee.

182 2793 367 2858 continuato
384 2793 511 2855 transite
528 2799 646 2872 oportet
662 2797 698 2853 ut
716 2787 929 2872 assumtum
947 2790 1031 2871 quod
1047 2791 1088 2855 in·
1105 2791 1153 2854 bis
1175 2789 1369 2856 obseruatio-

182 2881 275 2966 nibus
293 2902 425 2965 minime
440 2902 644 2982 compicitnr,
659 2900 713 2963 sect
731 2900 820 2981 banno
839 2901 939 2980 spatio
956 2901 1138 2982 interposito
1152 2918 1247 2982 wara
1261 2900 1369 2964 bnrncn

182 3018 490 3092 remotumapparct.
504 3008 565 3073 Gni
575 3010 736 3074 instantia
753 3009 988 3090 respondemus,
1007 3028 1072 3074 nou
1090 3027 1153 3074 esse
1171 3008 1368 3090 impossibiie,

186 3137 281 3187 cacos
298 3119 410 3184 auctm
427 3119 580 3200 diapbani
598 3127 628 3182 ot
643 3120 803 3200 perspicui
825 3121 976 3200 carparis,
1000 3119 1054 3182 soei
1074 3135 1173 3200 opaca
1194 3119 1367 3201 superficie,

185 3227 329 3311 protendi
341 3246 439 3311 usqne
458 3230 495 3293 in
513 3228 705 3309 biapbanans
722 3229 865 3308 utiquam
882 3245 923 3291 ose
937 3227 1099 3308 notando
1117 3227 1154 3292 in
1175 3228 1369 3312 superficient

186 3345 391 3418 wasnau
403 3347 542 3420 partera·
550 3357 610 3420 per
619 3356 697 3419 auos
709 3338 821 3402 auctus
835 3337 939 3401 iumen
954 3339 1045 3420 bonpo
1054 3337 1251 3421 postmodum
1265 3338 1368 3402 inter-

184 3448 270 3511 stitio
287 3455 444 3529 mapa,
463 3456 492 3512 st
506 3448 664 3529 paulatim
680 3447 855 3529 superfinei
873 3449 1140 3513 communicatura
1166 3447 1267 3528 napis
1294 3465 1368 3512 arn·

179 3554 382 3638 plantatae
394 3558 495 3638 napis
515 3557 662 3621 tacidum.
680 3555 885 3637 HuJ'unnodn
905 3558 1070 3637 inquiant,
1083 3555 1249 3622 Arethusa
1267 3574 1368 3639 aquas

182 3667 221 3729 in
233 3663 352 3730 Sicilia
370 3666 434 3732 sobo
450 3666 608 3741 absortus,
629 3668 807 3749 tonuissirno
824 3665 1045 3731 interlabentes
1062 3667 1183 3748 spacio,
1201 3669 1297 3732 etiam
1310 3666 1368 3730 sab

182 3775 250 3858 ipro
267 3778 366 3850 mari,
382 3778 419 3841 in
439 3779 644 3842 remotissima
672 3780 797 3859 repione
824 3777 952 3842 Bantia
979 3773 1026 3863 (1)
1055 3779 1171 3841 iterum
1200 3794 1369 3859 apparere,·
1418 3755 1423 3766 ’

183 3887 269 3967 quoa
283 3904 326 3950 ea
339 3887 487 3967 projectis
506 3890 542 3952 ia
559 3907 678 3970 aquam
696 3897 899 3970 manascunt,
918 3905 988 3968 aua
1007 3887 1112 3950 cadesa
1134 3886 1243 3952 deinde
1263 3888 1298 3949 in
1316 3904 1370 3950 re-

184 3997 359 4061 motissima
385 3995 440 4060 itta
465 4000 659 4079 centuripino
688 4007 853 4079 apparent.
881 3994 973 4072 Quod
990 3997 1017 4059 si
1035 3997 1099 4060 bac
1118 3996 1240 4072 omnia,
1256 4003 1286 4058 et
1304 3995 1369 4063 abia

185 4106 357 4169 innrnnera
374 4114 513 4186 spectra,
533 4117 568 4171 ut
587 4111 765 4189 caspinos,
785 4109 889 4172 maria
912 4115 940 4168 et
970 4104 1071 4181 bern,
1100 4123 1171 4188 pua
1199 4115 1368 4189 apparent,

187 4232 227 4278 ea
254 4215 447 4282 admistione
480 4217 573 4282 lucidi
597 4227 625 4282 et
643 4221 732 4300 opaci
749 4220 817 4302 fieri
833 4225 977 4299 nonunt,
997 4217 1087 4281 utin
1105 4214 1242 4281 nabibus
1260 4235 1281 4281 a
1299 4212 1369 4280 Sabe

261 4441 293 4500 (bt
308 4441 404 4506 lapsos
418 4444 525 4495 calami:
543 4459 608 4508 pono
624 4446 710 4496 attan
726 4460 772 4509 pro
788 4446 892 4496 Beotioe.
1136 4444 1267 4497 Editorcr.

307 4527 428 4585 Gssssso
446 4530 688 4588 Gratus-Tou.
709 4531 760 4587 ΙΙΙ.
1185 4527 1231 4580 21*
