3096 5154
420 368 565 420 murena
589 366 720 416 encoma
743 364 823 413 nmo
846 363 985 413 nicoeno
1009 363 1117 410 sennen
1295 345 1361 412 433

176 517 214 581 in
232 513 312 579 iriece
331 518 361 575 et
379 510 536 591 quaritur
559 514 588 569 et
616 511 785 587 epeetutur.
810 499 960 573 Unicum,
988 501 1071 581 quod
1089 502 1161 565 nuic
1179 516 1364 586 arpumento

180 625 279 691 hiem
295 621 412 705 afferre
426 627 545 702 prater
563 617 648 681 dicto
662 622 781 697 poeeet,
799 612 939 693 estquod
955 612 1067 686 Venae,
1086 614 1201 677 ecitieet
1218 616 1276 679 eub
1294 615 1364 682 Soie

176 736 328 809 emittent,
336 739 395 797 aut
407 728 552 795 umbram
562 728 692 792 omnino
704 743 768 790 non
780 724 906 806 faceret,
912 732 969 787 aut
981 723 1137 787 tantiiiune
1145 734 1236 800 certe,
1243 729 1291 790 uti
1299 747 1366 809 pro

178 844 373 911 vehementia
385 841 462 904 ineis
474 838 585 902 solaris
597 837 718 900 attendi
728 835 968 899 acieoeuIarum
980 833 1368 918 nonpoeeet.Adquorum

175 963 370 1038 postrenum
400 949 583 1033 respondeo.
614 945 761 1011 umbram
785 946 924 1018 Venerio,
941 943 1058 1025 aisque
1083 944 1148 1009 uita
1175 946 1368 1012 dubitatione

178 1066 237 1133 rud
255 1063 505 1135 Seteeereantie,
523 1079 589 1127 non
607 1061 762 1125 minorem
778 1059 1011 1139 apparituram,
1024 1073 1122 1137 qnam
1139 1058 1181 1122 eit
1200 1058 1258 1122 tuce
1273 1061 1369 1141 piena

186 1178 314 1245 Venerin
329 1174 467 1257 puden
484 1181 591 1246 caten,
610 1171 664 1235 eed
680 1170 839 1252 marcione,
862 1165 965 1231 Solem
983 1166 1169 1231 incedentiee
1199 1169 1282 1232 unde
1297 1188 1370 1234 eum

181 1290 249 1355 itur
270 1286 416 1355 uideatur
429 1283 563 1349 maeuiie
586 1281 740 1347 eoinriiue
757 1278 965 1345 mediocribae
988 1277 1055 1362 (uti
1084 1296 1142 1343 suo
1172 1279 1236 1344 ioco
1263 1283 1392 1364 sueiue·

183 1397 322 1484 dicetur)
333 1394 478 1479 acuatu,
493 1411 685 1477 coneequene
700 1411 778 1468 eeee,
792 1401 829 1456 ut
843 1391 904 1457 iiiie
919 1391 1033 1456 umbra
1046 1394 1153 1456 minor
1166 1411 1371 1476 nequaqnam

181 1512 225 1577 eit
241 1511 370 1593 futuru,
388 1508 519 1593 ideoque
536 1525 623 1589 apuc
641 1515 737 1587 atque
754 1496 829 1586 ipeoe‘
859 1504 990 1568 macuta
1018 1503 1271 1586 contemplanda:
1283 1523 1372 1587 pra-

181 1621 290 1687 necin
307 1619 336 1685 ei
353 1636 464 1687 oerum
477 1627 538 1692 eet,
557 1617 641 1700 puod
656 1616 896 1696 Cnrietepicorue
914 1613 1055 1687 Ciaoiue,
1075 1615 1372 1682 Mathematieoeum

183 1732 239 1799 noe
259 1740 392 1815 tempore
409 1732 503 1817 [acite
517 1732 676 1813 princepe,
694 1737 725 1791 ee
747 1723 852 1808 Tyrio
874 1723 980 1789 Brute
998 1727 1127 1798 arserit,
1156 1726 1282 1792 Veneris
1300 1727 1372 1792 dio·

181 1851 329 1917 notrum,
344 1845 430 1909 virui
439 1850 612 1925 patentem,
629 1842 672 1906 ad
686 1840 818 1906 notarem
831 1857 896 1902 eree
912 1841 947 1902 in
958 1840 1158 1921 proportione
1173 1840 1371 1924 euidccupia.

187 1952 313 2018 Certum
332 1962 377 2018 eet
395 1955 494 2026 enim,
524 1951 664 2017 moeniae
693 1954 880 2015 innumerae
903 1959 932 2014 et
960 1952 1044 2014 uieae
1072 1959 1101 2014 et
1120 1953 1272 2018 uidendae
1294 1971 1372 2029 eese,

182 2084 323 2150 qnorum
338 2065 383 2131 od
400 2062 484 2131 Soiie
503 2065 713 2131 dimetientem
730 2063 881 2128 diameter
898 2066 1134 2146 proportionem
1152 2064 1265 2129 noceat
1285 2064 1372 2147 tonpe

185 2178 357 2251 minorem,
372 2178 437 2242 inm
454 2177 527 2249 eiu,
545 2161 576 2239 et
592 2194 634 2239 ne
651 2177 709 2240 viee
732 2175 866 2258 quidem,
878 2175 1189 2259 eubeeerapeeupiam,
1202 2177 1374 2260 oiipuando

187 2288 285 2352 etiam
301 2294 428 2351 tantum
443 2287 719 2360 euieenteeimame
740 2304 810 2368 qua
833 2284 1012 2368 exploranti
1033 2287 1158 2352 euiiidet
1178 2290 1375 2374 manifestio-

187 2398 266 2463 oime
279 2396 443 2481 patebunt.

277 2504 333 2573 Aa
344 2508 486 2590 primun
501 2509 585 2582 dieo,
608 2507 756 2574 Venerem
772 2509 831 2573 eui
850 2507 921 2574 Soie
938 2511 1130 2575 incedentem
1145 2510 1291 2575 uenirem
1310 2515 1375 2594 epi-

185 2636 270 2693 eere,
288 2626 385 2701 odone
401 2618 479 2683 adeo
496 2616 640 2683 Samma
663 2618 791 2692 Venere,
809 2621 1010 2702 proportione
1038 2622 1164 2688 Veneris
1186 2621 1245 2713 eui
1269 2621 1374 2687 eodem

188 2728 371 2802 incedentis,
390 2728 550 2810 eciipeori:
567 2728 651 2811 quod
668 2729 763 2811 probo
1266 2726 1272 2738 ‘

276 2838 308 2905 1.
326 2836 495 2905 ammone·
510 2843 667 2914 omnium,
688 2848 755 2904 tam
771 2843 978 2925 antiquorum
991 2860 1088 2926 quem
1102 2846 1277 2910 recentium
1295 2844 1376 2908 Piti-

187 2949 387 3033 iuecpiternm
402 2957 432 3014 et
450 2948 762 3025 maurentionem,
793 2970 957 3017 eoneeneu.
976 2953 1051 3020 Ideo
1073 2956 1158 3018 enim
1176 2954 1285 3029 Plato,
1303 2972 1376 3018 cum

188 3062 257 3127 enie
272 3060 411 3136 umetis,
428 3062 508 3143 quia
536 3062 618 3126 tanc
649 3060 795 3126 umbram
822 3080 888 3125 non
916 3062 1064 3135 aduertit,
1102 3061 1249 3125 Venerem
1277 3073 1392 3144 eupra‘

191 3167 298 3235 Solem
321 3169 488 3236 nuiiiioite
517 3170 586 3235 ideo
614 3171 813 3244 Ptolemaeus,
835 3188 908 3234 cum
930 3171 997 3233 suie
1019 3169 1220 3251 eepnacidue,
1250 3172 1375 3239 Veneris

190 3296 266 3347 omn
281 3277 353 3347 son
369 3299 559 3347 coneursum
576 3282 730 3347 directum
748 3296 892 3362 unquam
920 3296 984 3343 esee
1003 3279 1122 3344 noluit:
1138 3280 1207 3349 ideo
1235 3281 1378 3356 Cluuius,

190 3393 228 3457 in
245 3408 306 3457 ena
322 3388 468 3474 Spicea,
489 3392 635 3458 nmirum
654 3393 735 3456 nune
755 3398 876 3453 tunmm
895 3406 958 3452 eree
972 3398 1080 3470 nepot,
1100 3400 1136 3454 ut
1154 3390 1194 3455 ai
1207 3394 1293 3458 ocuti
1308 3394 1376 3458 acie

122 3563 124 3572 ,
188 3500 336 3567 naturnii
357 3504 573 3585 precipicium
600 3505 653 3568 cui
681 3501 880 3567 consentiunt
911 3498 1100 3566 cunemine.
1131 3501 1150 3565 i.
1180 3503 1202 3567 2
1229 3504 1265 3569 de
1297 3504 1377 3570 Caio

187 3628 259 3695 cap.
276 3610 299 3678 ’1
316 3620 427 3695 quaet.
443 3611 467 3676 i
484 3621 547 3679 art.
565 3612 603 3688 2,
620 3622 650 3679 et
667 3613 725 3676 otii
740 3613 868 3694 panim.

279 3721 312 3785 2.
330 3718 555 3788 similitudine.
579 3721 665 3798 Ouia
693 3729 815 3787 eonetat
838 3721 984 3787 omnious
1003 3720 1298 3803 panormeorum,
1319 3744 1378 3791 eno

189 3831 249 3897 eud
267 3827 375 3895 Solem
390 3832 538 3906 incursu,
557 3835 593 3896 in
610 3833 715 3896 eodem
744 3830 889 3896 umbram
918 3831 1007 3895 noin'e
1025 3840 1227 3912 apparentem
1245 3852 1305 3916 pro
1326 3837 1379 3898 eui

187 3941 335 4022 portione
352 3958 501 4016 camare:
519 3943 602 4005 unde
619 3961 685 4006 non
702 3941 856 4005 ciconum
874 3942 1033 4016 uideatur,
1056 3941 1137 4005 idem
1160 3945 1254 4007 etiam
1272 3962 1293 4008 a
1321 3944 1380 4009 Ve-

192 4066 267 4115 nere
284 4048 345 4113 eui
364 4046 435 4115 Sole
454 4062 664 4117 commorante
679 4051 771 4133 epici}
784 4053 862 4132 quia
877 4051 1073 4132 experientia
1087 4051 1168 4116 idem
1181 4070 1203 4116 a
1217 4051 1381 4123 Mercurio

192 4157 251 4223 eui
267 4155 341 4223 Soio
359 4171 504 4226 vernante
522 4164 591 4247 peri
612 4162 771 4244 proditum
792 4169 854 4224 eet:
883 4161 960 4225 uidit
989 4163 1073 4226 enim
1101 4161 1299 4231 Mercurium
1321 4168 1380 4233 eui

192 4263 278 4342 sote,
297 4271 394 4350 epecie
413 4273 515 4354 nipra
532 4273 698 4353 eujusdam
714 4270 861 4343 macuia,
880 4271 1009 4353 puttam
1033 4274 1207 4339 menachus
1226 4287 1299 4343 unte
1317 4298 1379 4343 on·

192 4395 249 4442 noe
268 4377 349 4454 804,
361 4383 504 4465 utrefert
522 4385 557 4445 in
575 4399 632 4444 euo
650 4381 808 4463 einpuiari
826 4381 1036 4449 Phanomeno
1053 4382 1146 4449 loun.
1166 4383 1334 4470 Kepieruee
1351 4395 1380 4449 ee

191 4488 320 4571 ipeernet
351 4490 504 4573 Kepierne
533 4491 664 4555 eundem
693 4493 751 4556 sui
781 4490 853 4557 Soie
882 4493 971 4570 uidit,
1005 4503 1041 4558 ut
1069 4494 1184 4561 ididem
1212 4495 1378 4578 prodatur,

279 4596 404 4656 Gnueeo
421 4599 673 4657 Gonane-Tana
692 4599 741 4654 ΙΙΙ.
1226 4604 1260 4653 28
1406 4632 1411 4639 -
