3096 5154
506 329 546 375 οε
568 326 774 377 rossensis
798 327 828 376 ss
850 327 929 375 om
954 326 1041 373 sors
1304 310 1369 377 253

163 431 166 440 ¹
181 484 264 541 ram,
279 481 327 529 me
341 463 456 529 dimisse
471 462 516 528 idi
529 481 595 528 esse
611 481 749 530 amanus
767 465 907 548 vitiferos
924 463 1023 530 saties.
1041 459 1112 529 Idic
1126 465 1232 545 itaque
1246 463 1356 529 vinde-

178 579 244 642 mia
274 578 310 660 fit
339 576 462 657 copiosa
489 576 590 656 napis
623 593 661 640 ac
689 575 833 654 affluens,
856 593 954 658 qnam
975 576 1012 639 in
1039 581 1145 639 nostro
1163 573 1218 638 doc
1241 574 1358 657 infelici

178 686 265 760 orde,
284 703 322 749 ac
337 693 504 767 propterea
521 687 756 767 capacissimam
771 685 831 749 sibi
850 684 964 750 dedam
978 685 1064 750 iiiam
1078 686 1238 750 vinariam
1251 683 1358 749 incola

178 801 391 869 srccavorunt,
410 794 504 874 cujns
522 796 676 879 orificium
691 803 815 859 tantum
838 804 896 869 est,
919 803 955 859 ut
977 797 1072 860 etiam
1093 813 1115 859 a
1136 795 1224 860 nadis
1247 796 1360 860 vastis·

178 907 294 971 mmo
309 904 532 986 prospiciatur.
547 901 612 968 Sed
618 905 795 987 iocatijam
808 907 884 970 satis
900 923 1026 981 sumus:
1039 923 1077 970 ac
1089 924 1128 969 ne
1142 907 1214 987 puis
1226 907 1359 988 sortasse
1482 889 1483 892 ¹

180 1035 221 1082 erc
236 1014 342 1096 cutm
369 1016 465 1088 hanc,
493 1023 550 1079 aut
579 1016 652 1079 duic
678 1015 851 1080 adsimilem
879 1016 1020 1099 aliquam
1048 1017 1226 1098 opinionem
1248 1035 1289 1081 ev
1311 1017 1359 1080 iis

179 1124 447 1192 evremariomons
464 1125 602 1207 aodipat,
621 1123 754 1192 breviter
771 1144 876 1192 omncs
895 1128 1079 1201 sententias,
1109 1133 1178 1190 tum
1206 1135 1359 1200 veterum,

179 1243 249 1299 tum
266 1235 361 1298 etiam
379 1236 550 1299 recentiam
562 1235 829 1318 philosophorum,
847 1236 890 1301 od
906 1254 985 1319 pnas
1004 1238 1068 1302 noc
1081 1236 1287 1318 phanomena
1307 1257 1360 1303 rc-

179 1344 262 1424 ferri
277 1351 418 1423 possunt,
441 1344 619 1420 recensebo,
638 1354 669 1411 et
683 1347 725 1411 ad
738 1345 893 1412 caloniam
904 1348 1079 1415 venusino
1090 1349 1231 1415 veritatis
1242 1367 1360 1432 espen·

180 1452 252 1517 dere
266 1469 325 1533 pro
344 1452 464 1518 oiriius
482 1454 615 1521 tentato.

700 1702 775 1769 Gse.
798 1704 838 1769 V.

581 1903 624 1966 Do
640 1903 805 1986 Telescopii
823 1904 957 1968 veritate.

275 2115 391 2181 Verum
411 2119 490 2201 puio
506 2119 599 2183 muiti
616 2127 707 2195 sunt,
723 2123 779 2204 qui
788 2139 853 2185 von
863 2120 952 2186 modo
965 2120 1148 2202 persuaderi
1162 2139 1227 2187 non
1241 2132 1366 2198 curant,

185 2239 300 2287 verum
317 2227 412 2290 ctiam
428 2245 468 2292 ne
480 2229 737 2310 persuadeantur
754 2230 942 2313 impediunt,
959 2248 996 2296 aa
1014 2249 1054 2295 ne
1072 2233 1189 2297 cotecis
1207 2233 1244 2297 de
1260 2251 1367 2298 recena

183 2333 409 2415 appenninos
424 2335 569 2418 planetis,
589 2347 648 2402 aut
666 2338 702 2402 de
725 2340 774 2403 isis
794 2340 1006 2422 pisanomenis
1027 2340 1276 2406 asseverantibus
1298 2359 1367 2407 cre-
1481 2349 1482 2353 ’

183 2441 278 2518 dant,
297 2445 539 2512 instrumentum
557 2448 695 2529 decipere
708 2448 899 2530 pradicant,
915 2449 1008 2532 idpue
1021 2450 1251 2530 prostipiosum
1271 2468 1366 2530 pror·

181 2551 242 2615 sus'
252 2570 315 2618 esse
329 2561 360 2618 et
371 2554 492 2638 saidam·
502 2565 666 2639 propterea
683 2576 754 2640 pua
777 2559 813 2623 de
832 2561 906 2641 ipso,
926 2567 994 2623 tum
1010 2577 1076 2641 epo,
1090 2567 1157 2622 tum
1169 2561 1263 2622 etiam
1273 2559 1365 2623 multi

179 2661 237 2726 aiii
253 2682 354 2746 nepus
371 2664 490 2741 stolidi,
509 2667 564 2730 sed
579 2671 724 2733 accurati
740 2670 818 2742 viri,
850 2677 880 2732 et
904 2671 960 2750 pui
988 2669 1030 2733 ad
1056 2670 1120 2733 hac
1151 2670 1364 2752 coperimento

180 2774 412 2840 contradicendi
440 2778 549 2841 animo
577 2795 821 2853 accesseramus,
840 2780 1013 2844 certissima
1035 2787 1067 2844 et
1088 2779 1216 2845 oculata
1236 2779 1293 2863 fide
1312 2796 1365 2843 co·

180 2887 363 2965 omunia,
379 2904 471 2969 opere
485 2889 623 2969 pretium
644 2889 703 2952 erit
720 2904 908 2970 supponere,
931 2897 961 2954 et
981 2892 1118 2973 referre:
1138 2906 1249 2954 verum
1270 2897 1366 2952 antea

181 2991 219 3056 de
236 2995 371 3075 oripine,
389 3004 485 3079 atone
504 2999 684 3062 inventione
699 2999 793 3062 nnius
805 2998 976 3081 perspicitli
989 2999 1098 3081 aiipna
1112 3000 1212 3064 dicere
1226 3017 1295 3064 non,
1305 2999 1366 3062 erit

183 3100 347 3170 absonum.
362 3104 442 3172 Fuit
459 3115 566 3172 autam
581 3107 649 3188 ejm
663 3108 846 3172 inveniendi
858 3109 983 3191 primus
1000 3110 1116 3172 author
1132 3108 1274 3172 omnium
1291 3123 1367 3170 con·

182 3233 295 3290 sensu,
317 3224 347 3281 et
373 3218 546 3283 testimonio
570 3218 735 3284 clarissimi
764 3220 826 3284 oiri
847 3216 972 3299 Kepieri
993 3217 1123 3282 Casarii
1140 3215 1363 3288 mathematici,

183 3324 325 3391 Ioannes
349 3325 496 3410 Baptista
512 3346 534 3393 a
550 3328 651 3394 Porta
667 3327 906 3411 Neapolitanus,
922 3327 1094 3393 virnodiiis
1111 3335 1140 3392 et
1158 3326 1365 3401 doctiss‘oous,

180 3453 222 3502 ac
238 3444 365 3503 natura
381 3455 574 3504 arcanorum
591 3439 809 3504 soiemissimus
827 3436 1012 3518 indapator,
1041 3440 1098 3519 pai
1121 3438 1364 3520 decimoseptimo

179 3562 247 3611 sua
265 3547 423 3614 ommam
437 3549 550 3630 mapia
561 3547 652 3623 tidro,
665 3551 763 3630 eapite
782 3549 898 3613 decimo
909 3555 939 3612 et
954 3547 1133 3622 undecimo,
1154 3549 1366 3613 inventionem

179 3657 284 3721 iuius
300 3656 496 3723 admirabilis
523 3659 725 3724 instrumenti
743 3658 900 3733 distincte,
924 3666 953 3722 et
975 3677 1016 3722 ea
1038 3665 1106 3721 arte
1124 3657 1278 3739 prodidit,·
1295 3656 1364 3721 dini

178 3772 299 3832 autem'
314 3768 470 3843 distinete,
502 3778 532 3834 et
549 3789 590 3835 ea
613 3778 698 3845 arte,-
726 3787 802 3835 nam
824 3770 1024 3852 septuapinta
1040 3768 1112 3849 jam
1133 3766 1247 3832 adhinc
1270 3767 1364 3832 annis

178 3876 397 3961 fflronpmus
414 3880 593 3946 huiusmodi
611 3882 813 3945 instrumenti
831 3897 926 3944 usum
944 3879 1194 3944 commemoravit
1217 3876 1267 3939 oo.
1290 3893 1362 3948 sno,

179 4006 274 4070 quem
295 3987 539 4056 Hamoosntrica
564 3993 723 4073 inscripsit
746 4007 813 4072 cap.
835 3988 1096 4054 &dissertiva
1117 3984 1190 4062 Oua
1212 3986 1248 4049 de
1269 4002 1367 4050 causa

181 4119 200 4160 s
219 4100 256 4163 in
273 4099 381 4164 eadem
397 4119 499 4184 apua,
517 4120 587 4184 pua
605 4105 642 4167 in
658 4119 780 4166 summo
791 4108 968 4165 cernuntur
977 4100 1104 4164 minora
1114 4105 1281 4180 apparent,
1295 4116 1365 4179 pua

183 4229 203 4269 s
219 4210 258 4274 in
281 4211 398 4293 {unda
427 4213 567 4294 maiora,
596 4223 625 4280 et
650 4233 710 4298 per
739 4212 800 4276 dna
828 4213 952 4293 specilla
973 4212 1116 4277 centoria
1141 4210 1169 4274 si
1199 4213 1270 4292 pais
1289 4228 1365 4292 per-
1432 4220 1437 4229 ’

184 4338 204 4378 v
223 4320 345 4399 spicios,
363 4321 463 4389 odero
480 4323 572 4389 oscen
589 4326 796 4408 superposito,
815 4322 941 4404 majora
956 4321 1071 4398 mutto,
1090 4331 1119 4388 et
1139 4322 1365 4406 propinquiora

183 4450 204 4490 s
224 4430 336 4498 videdit
352 4437 471 4502 omnia.
489 4433 554 4501 Sed
572 4437 619 4502 iris
637 4435 737 4502 verbis
752 4433 930 4500 indistincte
943 4435 1038 4499 ituius
1050 4433 1253 4500 instrumenti
1262 4427 1365 4511 [adri-
