<?xml version="1.0" encoding="UTF-8"?>
<!DOCTYPE html PUBLIC "-//W3C//DTD XHTML 1.0 Transitional//EN"
    "http://www.w3.org/TR/xhtml1/DTD/xhtml1-transitional.dtd">
<html xmlns="http://www.w3.org/1999/xhtml" xml:lang="en" lang="en">
 <head>
  <title>
</title>
<meta http-equiv="Content-Type" content="text/html;charset=utf-8" />
  <meta name='ocr-system' content='tesseract 3.04.00' />
  <meta name='ocr-capabilities' content='ocr_page ocr_carea ocr_par ocr_line ocrx_word'/>
</head>
<body>
  <div class='ocr_page' id='page_1' title='image "./leoperedigalile10vivigoog_0292.png"; bbox 0 0 3304 5282; ppageno 0'>
   <div class='ocr_carea' id='block_1_1' title="bbox 345 411 1140 477">
    <p class='ocr_par' dir='ltr' id='par_1_1' title="bbox 345 411 1140 477">
     <span class='ocr_line' id='line_1_1' title="bbox 345 411 1140 477; baseline 0 -3"><span class='ocrx_word' id='word_1_1' title='bbox 345 411 411 474; x_wconf 71' lang='lat'><strong><em>274</em></strong></span> <span class='ocrx_word' id='word_1_2' title='bbox 728 429 829 477; x_wconf 77' lang='lat' dir='ltr'><strong><em>sessos</em></strong></span> <span class='ocrx_word' id='word_1_3' title='bbox 851 429 956 477; x_wconf 75' lang='lat' dir='ltr'><strong><em>casm</em></strong></span> <span class='ocrx_word' id='word_1_4' title='bbox 980 429 1018 476; x_wconf 80' lang='lat' dir='ltr'><strong><em>es</em></strong></span> <span class='ocrx_word' id='word_1_5' title='bbox 1040 425 1140 475; x_wconf 80' lang='lat' dir='ltr'><strong><em>cscss</em></strong></span> 
     </span>
    </p>
   </div>
   <div class='ocr_carea' id='block_1_2' title="bbox 342 561 1534 1198">
    <p class='ocr_par' dir='ltr' id='par_1_2' title="bbox 342 561 1534 1198">
     <span class='ocr_line' id='line_1_2' title="bbox 343 561 1533 647; baseline -0.001 -19"><span class='ocrx_word' id='word_1_6' title='bbox 343 566 461 647; x_wconf 71' lang='lat' dir='ltr'><strong><em>referta</em></strong></span> <span class='ocrx_word' id='word_1_7' title='bbox 477 566 533 640; x_wconf 78' lang='lat' dir='ltr'><strong><em>sit,</em></strong></span> <span class='ocrx_word' id='word_1_8' title='bbox 551 573 625 647; x_wconf 88' lang='lat' dir='ltr'><strong><em>apta</em></strong></span> <span class='ocrx_word' id='word_1_9' title='bbox 645 574 689 628; x_wconf 91' lang='lat' dir='ltr'><strong><em>est</em></strong></span> <span class='ocrx_word' id='word_1_10' title='bbox 706 583 747 629; x_wconf 81' lang='lat' dir='ltr'><strong><em>ea</em></strong></span> <span class='ocrx_word' id='word_1_11' title='bbox 765 568 843 629; x_wconf 88' lang='lat' dir='ltr'><strong><em>sotis</em></strong></span> <span class='ocrx_word' id='word_1_12' title='bbox 875 565 985 630; x_wconf 80' lang='lat' dir='ltr'><strong><em>leuiore</em></strong></span> <span class='ocrx_word' id='word_1_13' title='bbox 1014 567 1173 629; x_wconf 72' lang='lat' dir='ltr'><em>occasione</em></span> <span class='ocrx_word' id='word_1_14' title='bbox 1200 561 1324 637; x_wconf 80' lang='lat' dir='ltr'><strong><em>oriere,</em></strong></span> <span class='ocrx_word' id='word_1_15' title='bbox 1354 571 1389 627; x_wconf 89' lang='lat' dir='ltr'><strong><em>ut</em></strong></span> <span class='ocrx_word' id='word_1_16' title='bbox 1407 563 1533 646; x_wconf 84' lang='lat' dir='ltr'><strong><em>sapius</em></strong></span> 
     </span>
     <span class='ocr_line' id='line_1_3' title="bbox 342 671 1534 758; baseline -0.002 -20"><span class='ocrx_word' id='word_1_17' title='bbox 342 675 544 758; x_wconf 71' lang='lat' dir='ltr'><strong><em>manifestum</em></strong></span> <span class='ocrx_word' id='word_1_18' title='bbox 570 675 649 756; x_wconf 77' lang='lat' dir='ltr'><strong><em>suit,</em></strong></span> <span class='ocrx_word' id='word_1_19' title='bbox 668 683 697 738; x_wconf 89' lang='lat' dir='ltr'><strong><em>et</em></strong></span> <span class='ocrx_word' id='word_1_20' title='bbox 715 676 868 754; x_wconf 81' lang='lat' dir='ltr'><strong><em>coutiopit</em></strong></span> <span class='ocrx_word' id='word_1_21' title='bbox 897 676 933 736; x_wconf 83' lang='lat' dir='ltr'><strong><em>in</em></strong></span> <span class='ocrx_word' id='word_1_22' title='bbox 962 675 1060 739; x_wconf 84' lang='lat' dir='ltr'><strong><em>uariis</em></strong></span> <span class='ocrx_word' id='word_1_23' title='bbox 1095 672 1199 740; x_wconf 83' lang='lat' dir='ltr'><strong><em>Terra</em></strong></span> <span class='ocrx_word' id='word_1_24' title='bbox 1222 671 1381 756; x_wconf 81' lang='lat' dir='ltr'><strong><em>partibus,</em></strong></span> <span class='ocrx_word' id='word_1_25' title='bbox 1415 672 1534 738; x_wconf 81' lang='lat' dir='ltr'><strong><em>Terree</em></strong></span> 
     </span>
     <span class='ocr_line' id='line_1_4' title="bbox 342 779 1534 872; baseline -0.004 -21"><span class='ocrx_word' id='word_1_26' title='bbox 342 794 430 850; x_wconf 90' lang='lat' dir='ltr'><strong><em>motu</em></strong></span> <span class='ocrx_word' id='word_1_27' title='bbox 446 785 495 848; x_wconf 90' lang='lat' dir='ltr'><strong><em>ocl</em></strong></span> <span class='ocrx_word' id='word_1_28' title='bbox 507 783 618 866; x_wconf 78' lang='lat' dir='ltr'><strong><em>aliqua</em></strong></span> <span class='ocrx_word' id='word_1_29' title='bbox 632 783 696 848; x_wconf 87' lang='lat' dir='ltr'><strong><em>alt&#39;a</em></strong></span> <span class='ocrx_word' id='word_1_30' title='bbox 712 785 818 849; x_wconf 84' lang='lat' dir='ltr'><strong><em>leuiori</em></strong></span> <span class='ocrx_word' id='word_1_31' title='bbox 826 779 1258 872; x_wconf 26' lang='lat' dir='ltr'><strong><em>&#39;occasiouejerumpessts&#39;hus</em></strong></span> <span class='ocrx_word' id='word_1_32' title='bbox 1271 784 1414 866; x_wconf 74' lang='lat' dir='ltr'><strong><em>flammis.</em></strong></span> <span class='ocrx_word' id='word_1_33' title='bbox 1433 781 1534 858; x_wconf 81' lang='lat' dir='ltr'><strong><em>Quod</em></strong></span> 
     </span>
     <span class='ocr_line' id='line_1_5' title="bbox 342 891 1532 976; baseline -0.003 -18"><span class='ocrx_word' id='word_1_34' title='bbox 342 897 378 959; x_wconf 86' lang='lat' dir='ltr'><strong><em>iu</em></strong></span> <span class='ocrx_word' id='word_1_35' title='bbox 403 895 565 976; x_wconf 83' lang='lat' dir='ltr'><strong><em>Campano</em></strong></span> <span class='ocrx_word' id='word_1_36' title='bbox 582 892 669 975; x_wconf 80' lang='lat' dir='ltr'><strong><em>Apro</em></strong></span> <span class='ocrx_word' id='word_1_37' title='bbox 685 895 976 976; x_wconf 73' lang='lat' dir='ltr'><strong><em>frequentissimum</em></strong></span> <span class='ocrx_word' id='word_1_38' title='bbox 993 903 1054 969; x_wconf 69' lang='lat' dir='ltr'><strong><em>estc</em></strong></span> <span class='ocrx_word' id='word_1_39' title='bbox 1081 913 1136 959; x_wconf 84' lang='lat' dir='ltr'><strong><em>uec</em></strong></span> <span class='ocrx_word' id='word_1_40' title='bbox 1153 893 1242 958; x_wconf 83' lang='lat' dir='ltr'><strong><em>modo</em></strong></span> <span class='ocrx_word' id='word_1_41' title='bbox 1259 891 1455 957; x_wconf 78' lang='lat' dir='ltr'><strong><em>scemecahili</em></strong></span> <span class='ocrx_word' id='word_1_42' title='bbox 1472 891 1532 955; x_wconf 93' lang='lat' dir='ltr'><strong><em>illa</em></strong></span> 
     </span>
     <span class='ocr_line' id='line_1_6' title="bbox 345 1003 1533 1086; baseline -0.003 -18"><span class='ocrx_word' id='word_1_43' title='bbox 345 1004 467 1070; x_wconf 83' lang='lat' dir='ltr'><strong><em>Vesuuii</em></strong></span> <span class='ocrx_word' id='word_1_44' title='bbox 494 1005 737 1086; x_wconf 78' lang='lat' dir='ltr'><strong><em>contlaaratiouc</em></strong></span> <span class='ocrx_word' id='word_1_45' title='bbox 765 1013 887 1078; x_wconf 87' lang='lat' dir='ltr'><strong><em>uotum,</em></strong></span> <span class='ocrx_word' id='word_1_46' title='bbox 917 1022 1029 1070; x_wconf 85' lang='lat' dir='ltr'><strong><em>oerum</em></strong></span> <span class='ocrx_word' id='word_1_47' title='bbox 1058 1007 1153 1070; x_wconf 89' lang='lat' dir='ltr'><strong><em>etiam</em></strong></span> <span class='ocrx_word' id='word_1_48' title='bbox 1181 1003 1423 1086; x_wconf 80' lang='lat' dir='ltr'><strong><em>quamplurimis</em></strong></span> <span class='ocrx_word' id='word_1_49' title='bbox 1455 1003 1533 1066; x_wconf 85' lang='lat' dir='ltr'><strong><em>aliis</em></strong></span> 
     </span>
     <span class='ocr_line' id='line_1_7' title="bbox 342 1111 1531 1198; baseline -0.004 -19"><span class='ocrx_word' id='word_1_50' title='bbox 342 1123 545 1198; x_wconf 65' lang='lat' dir='ltr'><strong><em>compertum</em></strong></span> <span class='ocrx_word' id='word_1_51' title='bbox 561 1116 645 1180; x_wconf 83' lang='lat' dir='ltr'><strong><em>iuter</em></strong></span> <span class='ocrx_word' id='word_1_52' title='bbox 662 1133 801 1196; x_wconf 83' lang='lat' dir='ltr'><strong><em>quarum</em></strong></span> <span class='ocrx_word' id='word_1_53' title='bbox 819 1117 1003 1180; x_wconf 77' lang='lat' dir='ltr'><strong><em>messoriam</em></strong></span> <span class='ocrx_word' id='word_1_54' title='bbox 1020 1133 1128 1180; x_wconf 84' lang='lat' dir='ltr'><strong><em>reseas</em></strong></span> <span class='ocrx_word' id='word_1_55' title='bbox 1146 1124 1191 1178; x_wconf 89' lang='lat' dir='ltr'><strong><em>est</em></strong></span> <span class='ocrx_word' id='word_1_56' title='bbox 1212 1114 1280 1188; x_wconf 85' lang='lat' dir='ltr'><strong><em>illa,</em></strong></span> <span class='ocrx_word' id='word_1_57' title='bbox 1303 1131 1376 1195; x_wconf 82' lang='lat' dir='ltr'><strong><em>qua</em></strong></span> <span class='ocrx_word' id='word_1_58' title='bbox 1396 1111 1531 1193; x_wconf 75' lang='lat' dir='ltr'><strong><em>coatiqit</em></strong></span> 
     </span>
    </p>
   </div>
   <div class='ocr_carea' id='block_1_3' title="bbox 341 1222 1531 3480">
    <p class='ocr_par' dir='ltr' id='par_1_3' title="bbox 341 1222 1531 3480">
     <span class='ocr_line' id='line_1_8' title="bbox 343 1222 1531 1306; baseline -0.003 -16"><span class='ocrx_word' id='word_1_59' title='bbox 343 1227 378 1290; x_wconf 86' lang='lat' dir='ltr'><strong><em>iu</em></strong></span> <span class='ocrx_word' id='word_1_60' title='bbox 396 1222 483 1306; x_wconf 78' lang='lat' dir='ltr'><strong><em>Apro</em></strong></span> <span class='ocrx_word' id='word_1_61' title='bbox 501 1224 676 1291; x_wconf 74' lang='lat' dir='ltr'><strong><em>Puteolano</em></strong></span> <span class='ocrx_word' id='word_1_62' title='bbox 695 1243 782 1290; x_wconf 78' lang='lat' dir='ltr'><strong><em>anuo</em></strong></span> <span class='ocrx_word' id='word_1_63' title='bbox 804 1223 902 1299; x_wconf 81' lang='lat'>15³8,</span> <span class='ocrx_word' id='word_1_64' title='bbox 920 1231 1049 1306; x_wconf 75' lang='lat' dir='ltr'><strong><em>proreqc</em></strong></span> <span class='ocrx_word' id='word_1_65' title='bbox 1065 1224 1162 1289; x_wconf 85' lang='lat' dir='ltr'><strong><em>Petro</em></strong></span> <span class='ocrx_word' id='word_1_66' title='bbox 1179 1243 1201 1288; x_wconf 90' lang='lat' dir='ltr'><strong><em>a</em></strong></span> <span class='ocrx_word' id='word_1_67' title='bbox 1222 1223 1349 1299; x_wconf 65' lang='lat' dir='ltr'><strong><em>Toletlos</em></strong></span> <span class='ocrx_word' id='word_1_68' title='bbox 1364 1241 1434 1306; x_wconf 78' lang='lat' dir='ltr'><strong><em>qua</em></strong></span> <span class='ocrx_word' id='word_1_69' title='bbox 1447 1223 1531 1286; x_wconf 81' lang='lat' dir='ltr'><strong><em>coeo</em></strong></span> 
     </span>
     <span class='ocr_line' id='line_1_9' title="bbox 342 1327 1527 1418; baseline -0.003 -20"><span class='ocrx_word' id='word_1_70' title='bbox 342 1337 475 1416; x_wconf 80' lang='lat' dir='ltr'><strong><em>iusipuis</em></strong></span> <span class='ocrx_word' id='word_1_71' title='bbox 492 1337 570 1418; x_wconf 75' lang='lat' dir='ltr'><strong><em>suit,</em></strong></span> <span class='ocrx_word' id='word_1_72' title='bbox 590 1327 711 1417; x_wconf 82' lang='lat' dir='ltr'><strong><em>atejus</em></strong></span> <span class='ocrx_word' id='word_1_73' title='bbox 729 1335 936 1400; x_wconf 84' lang='lat' dir='ltr'><strong><em>amhustiouis</em></strong></span> <span class='ocrx_word' id='word_1_74' title='bbox 966 1337 1045 1400; x_wconf 86' lang='lat' dir='ltr'><strong><em>ciuis</em></strong></span> <span class='ocrx_word' id='word_1_75' title='bbox 1076 1335 1121 1399; x_wconf 84' lang='lat' dir='ltr'><strong><em>aci</em></strong></span> <span class='ocrx_word' id='word_1_76' title='bbox 1141 1353 1197 1400; x_wconf 81' lang='lat' dir='ltr'><strong><em>sess</em></strong></span> <span class='ocrx_word' id='word_1_77' title='bbox 1222 1334 1443 1400; x_wconf 69' lang='lat' dir='ltr'><strong><em>milliariorum</em></strong></span> <span class='ocrx_word' id='word_1_78' title='bbox 1460 1334 1527 1416; x_wconf 79' lang='lat' dir='ltr'><strong><em>[ese</em></strong></span> 
     </span>
     <span class='ocr_line' id='line_1_10' title="bbox 341 1433 1528 1526; baseline -0.003 -18"><span class='ocrx_word' id='word_1_79' title='bbox 341 1461 491 1526; x_wconf 76' lang='lat' dir='ltr'><strong><em>passuum</em></strong></span> <span class='ocrx_word' id='word_1_80' title='bbox 521 1433 698 1510; x_wconf 85' lang='lat' dir='ltr'><strong><em>italicorum</em></strong></span> <span class='ocrx_word' id='word_1_81' title='bbox 730 1446 913 1510; x_wconf 79' lang='lat' dir='ltr'><strong><em>distantiam</em></strong></span> <span class='ocrx_word' id='word_1_82' title='bbox 940 1445 1113 1524; x_wconf 74' lang='lat' dir='ltr'><strong><em>eiaculatus</em></strong></span> <span class='ocrx_word' id='word_1_83' title='bbox 1144 1445 1261 1526; x_wconf 70' lang='lat' dir='ltr'><strong><em>seems,</em></strong></span> <span class='ocrx_word' id='word_1_84' title='bbox 1296 1443 1329 1508; x_wconf 83' lang='lat' dir='ltr'><strong><em>ici</em></strong></span> <span class='ocrx_word' id='word_1_85' title='bbox 1359 1451 1528 1507; x_wconf 78' lang='lat' dir='ltr'><strong><em>attestante</em></strong></span> 
     </span>
     <span class='ocr_line' id='line_1_11' title="bbox 342 1553 1528 1636; baseline -0.003 -18"><span class='ocrx_word' id='word_1_86' title='bbox 342 1555 520 1621; x_wconf 84' lang='lat' dir='ltr'><strong><em>doctissimo</em></strong></span> <span class='ocrx_word' id='word_1_87' title='bbox 538 1557 607 1622; x_wconf 85' lang='lat' dir='ltr'><strong><em>ciro</em></strong></span> <span class='ocrx_word' id='word_1_88' title='bbox 636 1553 764 1620; x_wconf 87' lang='lat' dir='ltr'><strong><em>Simouc</em></strong></span> <span class='ocrx_word' id='word_1_89' title='bbox 795 1555 905 1619; x_wconf 89' lang='lat' dir='ltr'><strong><em>Portio</em></strong></span> <span class='ocrx_word' id='word_1_90' title='bbox 933 1553 1150 1636; x_wconf 83' lang='lat' dir='ltr'><strong><em>Neapolitano,</em></strong></span> <span class='ocrx_word' id='word_1_91' title='bbox 1180 1553 1438 1636; x_wconf 70' lang='lat' dir='ltr'><strong><em>Philosophorum</em></strong></span> <span class='ocrx_word' id='word_1_92' title='bbox 1460 1569 1528 1615; x_wconf 86' lang='lat' dir='ltr'><strong><em>aea</em></strong></span> 
     </span>
     <span class='ocr_line' id='line_1_12' title="bbox 341 1663 1528 1747; baseline -0.003 -17"><span class='ocrx_word' id='word_1_93' title='bbox 341 1665 431 1731; x_wconf 84' lang='lat' dir='ltr'><strong><em>modo</em></strong></span> <span class='ocrx_word' id='word_1_94' title='bbox 448 1683 514 1729; x_wconf 85' lang='lat' dir='ltr'><strong><em>sua</em></strong></span> <span class='ocrx_word' id='word_1_95' title='bbox 532 1667 731 1747; x_wconf 82' lang='lat' dir='ltr'><strong><em>tempestatis,</em></strong></span> <span class='ocrx_word' id='word_1_96' title='bbox 750 1682 860 1730; x_wconf 86' lang='lat' dir='ltr'><strong><em>oerum</em></strong></span> <span class='ocrx_word' id='word_1_97' title='bbox 888 1665 983 1728; x_wconf 87' lang='lat' dir='ltr'><strong><em>etiam</em></strong></span> <span class='ocrx_word' id='word_1_98' title='bbox 1010 1665 1153 1728; x_wconf 80' lang='lat' dir='ltr'><strong><em>omnium</em></strong></span> <span class='ocrx_word' id='word_1_99' title='bbox 1181 1671 1354 1745; x_wconf 83' lang='lat' dir='ltr'><strong><em>temporum</em></strong></span> <span class='ocrx_word' id='word_1_100' title='bbox 1373 1663 1528 1726; x_wconf 87' lang='lat' dir='ltr'><strong><em>memoria</em></strong></span> 
     </span>
     <span class='ocr_line' id='line_1_13' title="bbox 341 1771 1529 1858; baseline -0.005 -18"><span class='ocrx_word' id='word_1_101' title='bbox 341 1775 553 1842; x_wconf 77' lang='lat' dir='ltr'><strong><em>celeberrimo.-</em></strong></span> <span class='ocrx_word' id='word_1_102' title='bbox 570 1793 662 1858; x_wconf 86' lang='lat' dir='ltr'><strong><em>qucm</em></strong></span> <span class='ocrx_word' id='word_1_103' title='bbox 681 1776 808 1840; x_wconf 76' lang='lat' dir='ltr'><strong><em>honoris</em></strong></span> <span class='ocrx_word' id='word_1_104' title='bbox 826 1791 924 1838; x_wconf 90' lang='lat' dir='ltr'><strong><em>causa</em></strong></span> <span class='ocrx_word' id='word_1_105' title='bbox 941 1776 1083 1848; x_wconf 85' lang='lat' dir='ltr'><strong><em>uomioo,</em></strong></span> <span class='ocrx_word' id='word_1_106' title='bbox 1102 1792 1174 1838; x_wconf 91' lang='lat' dir='ltr'><strong><em>cum</em></strong></span> <span class='ocrx_word' id='word_1_107' title='bbox 1192 1791 1233 1837; x_wconf 71' lang='lat' dir='ltr'><strong><em>esc</em></strong></span> <span class='ocrx_word' id='word_1_108' title='bbox 1251 1773 1319 1853; x_wconf 72' lang='lat' dir='ltr'><strong><em>eius</em></strong></span> <span class='ocrx_word' id='word_1_109' title='bbox 1335 1771 1480 1853; x_wconf 76' lang='lat' dir='ltr'><strong><em>[potitus</em></strong></span> <span class='ocrx_word' id='word_1_110' title='bbox 1499 1781 1529 1835; x_wconf 88' lang='lat' dir='ltr'><strong><em>et</em></strong></span> 
     </span>
     <span class='ocr_line' id='line_1_14' title="bbox 342 1883 1528 1968; baseline -0.003 -19"><span class='ocrx_word' id='word_1_111' title='bbox 342 1905 396 1968; x_wconf 82' lang='lat' dir='ltr'><strong><em>epo</em></strong></span> <span class='ocrx_word' id='word_1_112' title='bbox 414 1885 629 1968; x_wconf 82' lang='lat' dir='ltr'><strong><em>Peripatetico</em></strong></span> <span class='ocrx_word' id='word_1_113' title='bbox 648 1883 853 1966; x_wconf 77' lang='lat' dir='ltr'><strong><em>Philosophia</em></strong></span> <span class='ocrx_word' id='word_1_114' title='bbox 874 1885 1057 1968; x_wconf 86' lang='lat' dir='ltr'><strong><em>purissimos</em></strong></span> <span class='ocrx_word' id='word_1_115' title='bbox 1073 1883 1177 1948; x_wconf 85' lang='lat' dir='ltr'><strong><em>latices</em></strong></span> <span class='ocrx_word' id='word_1_116' title='bbox 1192 1883 1367 1955; x_wconf 76' lang='lat' dir='ltr'><strong><em>humerius:</em></strong></span> <span class='ocrx_word' id='word_1_117' title='bbox 1379 1883 1528 1946; x_wconf 88' lang='lat' dir='ltr'><strong><em>suecessit</em></strong></span> 
     </span>
     <span class='ocr_line' id='line_1_15' title="bbox 341 1991 1527 2076; baseline -0.003 -18"><span class='ocrx_word' id='word_1_118' title='bbox 341 1997 426 2058; x_wconf 87' lang='lat' dir='ltr'><strong><em>mim</em></strong></span> <span class='ocrx_word' id='word_1_119' title='bbox 444 1994 552 2058; x_wconf 83' lang='lat' dir='ltr'><strong><em>Postio</em></strong></span> <span class='ocrx_word' id='word_1_120' title='bbox 570 1995 607 2056; x_wconf 87' lang='lat' dir='ltr'><strong><em>iss</em></strong></span> <span class='ocrx_word' id='word_1_121' title='bbox 623 1991 834 2075; x_wconf 85' lang='lat' dir='ltr'><strong><em>Neapolitana</em></strong></span> <span class='ocrx_word' id='word_1_122' title='bbox 849 1993 967 2067; x_wconf 87' lang='lat' dir='ltr'><strong><em>schola,</em></strong></span> <span class='ocrx_word' id='word_1_123' title='bbox 987 2012 1057 2075; x_wconf 82' lang='lat' dir='ltr'><strong><em>qua</em></strong></span> <span class='ocrx_word' id='word_1_124' title='bbox 1074 2011 1178 2058; x_wconf 86' lang='lat' dir='ltr'><strong><em>omues</em></strong></span> <span class='ocrx_word' id='word_1_125' title='bbox 1208 2009 1288 2076; x_wconf 79' lang='lat' dir='ltr'><strong><em>quas</em></strong></span> <span class='ocrx_word' id='word_1_126' title='bbox 1316 1991 1411 2056; x_wconf 83' lang='lat' dir='ltr'><strong><em>Italia</em></strong></span> <span class='ocrx_word' id='word_1_127' title='bbox 1432 1991 1527 2055; x_wconf 87' lang='lat' dir='ltr'><strong><em>hahet</em></strong></span> 
     </span>
     <span class='ocr_line' id='line_1_16' title="bbox 343 2101 1527 2186; baseline 0 -20"><span class='ocrx_word' id='word_1_128' title='bbox 343 2103 433 2186; x_wconf 83' lang='lat' dir='ltr'><strong><em>(pase</em></strong></span> <span class='ocrx_word' id='word_1_129' title='bbox 451 2103 589 2168; x_wconf 72' lang='lat' dir='ltr'><strong><em>dixerim</em></strong></span> <span class='ocrx_word' id='word_1_130' title='bbox 611 2103 861 2168; x_wconf 87' lang='lat' dir='ltr'><strong><em>clarissimarum</em></strong></span> <span class='ocrx_word' id='word_1_131' title='bbox 878 2101 1122 2167; x_wconf 73' lang='lat' dir='ltr'><strong><em>Academiarum</em></strong></span> <span class='ocrx_word' id='word_1_132' title='bbox 1140 2103 1347 2169; x_wconf 79' lang='lat' dir='ltr'><strong><em>Bononiensis</em></strong></span> <span class='ocrx_word' id='word_1_133' title='bbox 1363 2120 1406 2167; x_wconf 86' lang='lat' dir='ltr'><strong><em>ac</em></strong></span> <span class='ocrx_word' id='word_1_134' title='bbox 1419 2101 1527 2166; x_wconf 84' lang='lat' dir='ltr'><strong><em>Pata-</em></strong></span> 
     </span>
     <span class='ocr_line' id='line_1_17' title="bbox 342 2209 1526 2298; baseline 0 -22"><span class='ocrx_word' id='word_1_135' title='bbox 342 2214 439 2284; x_wconf 79' lang='lat' dir='ltr'><strong><em>eloe,</em></strong></span> <span class='ocrx_word' id='word_1_136' title='bbox 457 2229 597 2293; x_wconf 78' lang='lat' dir='ltr'><strong><em>quassum</em></strong></span> <span class='ocrx_word' id='word_1_137' title='bbox 608 2212 715 2293; x_wconf 86' lang='lat' dir='ltr'><strong><em>prima</em></strong></span> <span class='ocrx_word' id='word_1_138' title='bbox 733 2211 920 2294; x_wconf 72' lang='lat' dir='ltr'><strong><em>felicissimis</em></strong></span> <span class='ocrx_word' id='word_1_139' title='bbox 940 2209 1146 2277; x_wconf 85' lang='lat' dir='ltr'><strong><em>Summosmu</em></strong></span> <span class='ocrx_word' id='word_1_140' title='bbox 1163 2211 1354 2298; x_wconf 76' lang='lat' dir='ltr'><strong><em>Pontificum</em></strong></span> <span class='ocrx_word' id='word_1_141' title='bbox 1373 2213 1526 2294; x_wconf 82' lang='lat' dir='ltr'><strong><em>auspiciis</em></strong></span> 
     </span>
     <span class='ocr_line' id='line_1_18' title="bbox 342 2319 1528 2404; baseline 0.001 -19"><span class='ocrx_word' id='word_1_142' title='bbox 342 2321 491 2386; x_wconf 76' lang='lat' dir='ltr'><strong><em>instituta</em></strong></span> <span class='ocrx_word' id='word_1_143' title='bbox 511 2329 542 2384; x_wconf 85' lang='lat' dir='ltr'><strong><em>et</em></strong></span> <span class='ocrx_word' id='word_1_144' title='bbox 558 2329 668 2395; x_wconf 88' lang='lat' dir='ltr'><strong><em>aucta,</em></strong></span> <span class='ocrx_word' id='word_1_145' title='bbox 691 2321 792 2386; x_wconf 85' lang='lat' dir='ltr'><strong><em>altem</em></strong></span> <span class='ocrx_word' id='word_1_146' title='bbox 814 2340 885 2386; x_wconf 83' lang='lat' dir='ltr'><strong><em>occo</em></strong></span> <span class='ocrx_word' id='word_1_147' title='bbox 906 2321 1149 2403; x_wconf 70' lang='lat' dir='ltr'><strong><em>modestissime</em></strong></span> <span class='ocrx_word' id='word_1_148' title='bbox 1165 2324 1313 2403; x_wconf 82' lang='lat' dir='ltr'><strong><em>percussis</em></strong></span> <span class='ocrx_word' id='word_1_149' title='bbox 1335 2319 1528 2404; x_wconf 81' lang='lat' dir='ltr'><strong><em>lleipuhlice</em></strong></span> 
     </span>
     <span class='ocr_line' id='line_1_19' title="bbox 344 2428 1528 2516; baseline -0.001 -21"><span class='ocrx_word' id='word_1_150' title='bbox 344 2431 463 2495; x_wconf 81' lang='lat' dir='ltr'><strong><em>Veneta</em></strong></span> <span class='ocrx_word' id='word_1_151' title='bbox 480 2431 611 2496; x_wconf 87' lang='lat' dir='ltr'><strong><em>coasilio</em></strong></span> <span class='ocrx_word' id='word_1_152' title='bbox 625 2439 728 2496; x_wconf 85' lang='lat' dir='ltr'><strong><em>erecta</em></strong></span> <span class='ocrx_word' id='word_1_153' title='bbox 746 2450 783 2496; x_wconf 90' lang='lat' dir='ltr'><strong><em>ac</em></strong></span> <span class='ocrx_word' id='word_1_154' title='bbox 801 2441 901 2506; x_wconf 74' lang='lat' dir='ltr'><strong><em>rema,</em></strong></span> <span class='ocrx_word' id='word_1_155' title='bbox 914 2440 1029 2496; x_wconf 83' lang='lat' dir='ltr'><strong><em>ueteres</em></strong></span> <span class='ocrx_word' id='word_1_156' title='bbox 1045 2428 1185 2495; x_wconf 80' lang='lat' dir='ltr'><strong><em>Athenas</em></strong></span> <span class='ocrx_word' id='word_1_157' title='bbox 1200 2430 1415 2516; x_wconf 79' lang='lat' dir='ltr'><strong><em>instaurant),</em></strong></span> <span class='ocrx_word' id='word_1_158' title='bbox 1431 2431 1528 2495; x_wconf 79' lang='lat' dir='ltr'><strong><em>audi-</em></strong></span> 
     </span>
     <span class='ocr_line' id='line_1_20' title="bbox 343 2539 1528 2626; baseline 0.002 -22"><span class='ocrx_word' id='word_1_159' title='bbox 343 2548 447 2605; x_wconf 85' lang='lat' dir='ltr'><strong><em>torum</em></strong></span> <span class='ocrx_word' id='word_1_160' title='bbox 462 2541 660 2624; x_wconf 70' lang='lat' dir='ltr'><strong><em>frequentia,</em></strong></span> <span class='ocrx_word' id='word_1_161' title='bbox 688 2541 815 2607; x_wconf 86' lang='lat' dir='ltr'><strong><em>solestia</em></strong></span> <span class='ocrx_word' id='word_1_162' title='bbox 832 2549 862 2604; x_wconf 89' lang='lat' dir='ltr'><strong><em>et</em></strong></span> <span class='ocrx_word' id='word_1_163' title='bbox 879 2543 1023 2606; x_wconf 79' lang='lat' dir='ltr'><strong><em>acumine</em></strong></span> <span class='ocrx_word' id='word_1_164' title='bbox 1052 2549 1220 2623; x_wconf 74' lang='lat' dir='ltr'><strong><em>exsuperat</em></strong></span> <span class='ocrx_word' id='word_1_165' title='bbox 1248 2539 1302 2626; x_wconf 84' lang='lat' dir='ltr'><strong><em>(ut</em></strong></span> <span class='ocrx_word' id='word_1_166' title='bbox 1329 2542 1528 2624; x_wconf 73' lang='lat' dir='ltr'><strong><em>feracissima</em></strong></span> 
     </span>
     <span class='ocr_line' id='line_1_21' title="bbox 342 2650 1529 2735; baseline 0.001 -21"><span class='ocrx_word' id='word_1_167' title='bbox 342 2659 387 2715; x_wconf 88' lang='lat' dir='ltr'><strong><em>est</em></strong></span> <span class='ocrx_word' id='word_1_168' title='bbox 403 2669 441 2715; x_wconf 86' lang='lat' dir='ltr'><strong><em>ea</em></strong></span> <span class='ocrx_word' id='word_1_169' title='bbox 459 2653 547 2732; x_wconf 78' lang='lat' dir='ltr'><strong><em>repis</em></strong></span> <span class='ocrx_word' id='word_1_170' title='bbox 566 2669 754 2732; x_wconf 74' lang='lat' dir='ltr'><strong><em>mapparum</em></strong></span> <span class='ocrx_word' id='word_1_171' title='bbox 775 2650 1010 2735; x_wconf 67' lang='lat' dir='ltr'><strong><em>iupeaiomsmle</em></strong></span> <span class='ocrx_word' id='word_1_172' title='bbox 1037 2653 1197 2725; x_wconf 83' lang='lat' dir='ltr'><strong><em>successit,</em></strong></span> <span class='ocrx_word' id='word_1_173' title='bbox 1228 2653 1372 2732; x_wconf 72' lang='lat' dir='ltr'><strong><em>mmmm,</em></strong></span> <span class='ocrx_word' id='word_1_174' title='bbox 1402 2652 1437 2713; x_wconf 85' lang='lat' dir='ltr'><strong><em>iu</em></strong></span> <span class='ocrx_word' id='word_1_175' title='bbox 1466 2651 1529 2715; x_wconf 88' lang='lat' dir='ltr'><strong><em>hac</em></strong></span> 
     </span>
     <span class='ocr_line' id='line_1_22' title="bbox 342 2757 1527 2841; baseline -0.001 -18"><span class='ocrx_word' id='word_1_176' title='bbox 342 2760 446 2824; x_wconf 91' lang='lat' dir='ltr'><strong><em>schola</em></strong></span> <span class='ocrx_word' id='word_1_177' title='bbox 474 2759 582 2824; x_wconf 82' lang='lat' dir='ltr'><strong><em>Portio</em></strong></span> <span class='ocrx_word' id='word_1_178' title='bbox 611 2760 834 2824; x_wconf 83' lang='lat' dir='ltr'><strong><em>Bsrharcliuus</em></strong></span> <span class='ocrx_word' id='word_1_179' title='bbox 862 2757 991 2840; x_wconf 73' lang='lat' dir='ltr'><strong><em>scopas</em></strong></span> <span class='ocrx_word' id='word_1_180' title='bbox 1018 2757 1237 2841; x_wconf 75' lang='lat' dir='ltr'><strong><em>Philosophus,</em></strong></span> <span class='ocrx_word' id='word_1_181' title='bbox 1266 2759 1369 2824; x_wconf 81' lang='lat' dir='ltr'><strong><em>cahem</em></strong></span> <span class='ocrx_word' id='word_1_182' title='bbox 1397 2759 1527 2822; x_wconf 75' lang='lat' dir='ltr'><strong><em>civitate</em></strong></span> 
     </span>
     <span class='ocr_line' id='line_1_23' title="bbox 341 2867 1528 2951; baseline -0.003 -16"><span class='ocrx_word' id='word_1_183' title='bbox 341 2879 443 2944; x_wconf 82' lang='lat' dir='ltr'><strong><em>ortus,</em></strong></span> <span class='ocrx_word' id='word_1_184' title='bbox 473 2869 639 2950; x_wconf 75' lang='lat' dir='ltr'><strong><em>eademque</em></strong></span> <span class='ocrx_word' id='word_1_185' title='bbox 666 2868 809 2932; x_wconf 83' lang='lat' dir='ltr'><strong><em>doctriua</em></strong></span> <span class='ocrx_word' id='word_1_186' title='bbox 838 2870 979 2950; x_wconf 79' lang='lat' dir='ltr'><strong><em>peuuiua</em></strong></span> <span class='ocrx_word' id='word_1_187' title='bbox 1009 2867 1220 2950; x_wconf 86' lang='lat' dir='ltr'><strong><em>Peripatetico</em></strong></span> <span class='ocrx_word' id='word_1_188' title='bbox 1247 2871 1449 2951; x_wconf 71' lang='lat' dir='ltr'><strong><em>iusmmatuss</em></strong></span> <span class='ocrx_word' id='word_1_189' title='bbox 1471 2869 1528 2931; x_wconf 89' lang='lat' dir='ltr'><strong><em>uir</em></strong></span> 
     </span>
     <span class='ocr_line' id='line_1_24' title="bbox 343 2977 1527 3062; baseline -0.004 -17"><span class='ocrx_word' id='word_1_190' title='bbox 343 2995 518 3062; x_wconf 79' lang='lat' dir='ltr'><strong><em>numquam</em></strong></span> <span class='ocrx_word' id='word_1_191' title='bbox 546 2977 622 3042; x_wconf 89' lang='lat' dir='ltr'><strong><em>satis</em></strong></span> <span class='ocrx_word' id='word_1_192' title='bbox 646 2977 791 3042; x_wconf 78' lang='lat' dir='ltr'><strong><em>laudatus</em></strong></span> <span class='ocrx_word' id='word_1_193' title='bbox 814 2977 953 3042; x_wconf 78' lang='lat' dir='ltr'><strong><em>moritus</em></strong></span> <span class='ocrx_word' id='word_1_194' title='bbox 984 2988 1012 3041; x_wconf 90' lang='lat' dir='ltr'><strong><em>et</em></strong></span> <span class='ocrx_word' id='word_1_195' title='bbox 1040 2978 1197 3052; x_wconf 82' lang='lat' dir='ltr'><strong><em>doctriua,</em></strong></span> <span class='ocrx_word' id='word_1_196' title='bbox 1228 2981 1285 3061; x_wconf 78' lang='lat' dir='ltr'><strong><em>qui</em></strong></span> <span class='ocrx_word' id='word_1_197' title='bbox 1314 2977 1527 3058; x_wconf 77' lang='lat' dir='ltr'><strong><em>lauaissimam</em></strong></span> 
     </span>
     <span class='ocr_line' id='line_1_25' title="bbox 342 3084 1528 3180; baseline -0.003 -26"><span class='ocrx_word' id='word_1_198' title='bbox 342 3097 463 3155; x_wconf 85' lang='lat' dir='ltr'><strong><em>atatem</em></strong></span> <span class='ocrx_word' id='word_1_199' title='bbox 480 3091 516 3154; x_wconf 82' lang='lat' dir='ltr'><strong><em>io</em></strong></span> <span class='ocrx_word' id='word_1_200' title='bbox 534 3084 699 3153; x_wconf 71' lang='lat' dir='ltr'><strong><em>Aristotele</em></strong></span> <span class='ocrx_word' id='word_1_201' title='bbox 722 3089 957 3180; x_wconf 82' lang='lat' dir='ltr'><strong><em>iuterpretauclo</em></strong></span> <span class='ocrx_word' id='word_1_202' title='bbox 987 3097 1149 3170; x_wconf 75' lang='lat' dir='ltr'><strong><em>caeperat:</em></strong></span> <span class='ocrx_word' id='word_1_203' title='bbox 1178 3093 1213 3153; x_wconf 85' lang='lat' dir='ltr'><strong><em>io</em></strong></span> <span class='ocrx_word' id='word_1_204' title='bbox 1241 3089 1334 3170; x_wconf 80' lang='lat' dir='ltr'><strong><em>cujus</em></strong></span> <span class='ocrx_word' id='word_1_205' title='bbox 1361 3085 1528 3171; x_wconf 81' lang='lat' dir='ltr'><strong><em>disciplina</em></strong></span> 
     </span>
     <span class='ocr_line' id='line_1_26' title="bbox 343 3197 1527 3280; baseline 0.004 -20"><span class='ocrx_word' id='word_1_206' title='bbox 343 3217 397 3280; x_wconf 79' lang='lat' dir='ltr'><strong><em>epo</em></strong></span> <span class='ocrx_word' id='word_1_207' title='bbox 415 3199 578 3276; x_wconf 83' lang='lat' dir='ltr'><strong><em>educatus,</em></strong></span> <span class='ocrx_word' id='word_1_208' title='bbox 598 3217 663 3262; x_wconf 82' lang='lat' dir='ltr'><strong><em>hom</em></strong></span> <span class='ocrx_word' id='word_1_209' title='bbox 678 3197 767 3280; x_wconf 88' lang='lat' dir='ltr'><strong><em>potui</em></strong></span> <span class='ocrx_word' id='word_1_210' title='bbox 785 3215 832 3260; x_wconf 91' lang='lat' dir='ltr'><strong><em>mc</em></strong></span> <span class='ocrx_word' id='word_1_211' title='bbox 850 3215 872 3261; x_wconf 91' lang='lat' dir='ltr'><strong><em>a</em></strong></span> <span class='ocrx_word' id='word_1_212' title='bbox 883 3197 1119 3278; x_wconf 68' lang='lat' dir='ltr'><strong><em>iucundissima</em></strong></span> <span class='ocrx_word' id='word_1_213' title='bbox 1129 3200 1327 3280; x_wconf 69' lang='lat' dir='ltr'><strong><em>preceptor-is</em></strong></span> <span class='ocrx_word' id='word_1_214' title='bbox 1341 3217 1527 3264; x_wconf 81' lang='lat' dir='ltr'><strong><em>mmmemo-</em></strong></span> 
     </span>
     <span class='ocr_line' id='line_1_27' title="bbox 343 3307 1526 3391; baseline 0.003 -21"><span class='ocrx_word' id='word_1_215' title='bbox 343 3309 480 3381; x_wconf 80' lang='lat' dir='ltr'><strong><em>satiasse,</em></strong></span> <span class='ocrx_word' id='word_1_216' title='bbox 498 3309 642 3388; x_wconf 75' lang='lat' dir='ltr'><strong><em>quamuis</em></strong></span> <span class='ocrx_word' id='word_1_217' title='bbox 661 3309 886 3390; x_wconf 70' lang='lat' dir='ltr'><strong><em>inopportuna,</em></strong></span> <span class='ocrx_word' id='word_1_218' title='bbox 905 3310 1077 3381; x_wconf 82' lang='lat' dir='ltr'><strong><em>coutihcce,</em></strong></span> <span class='ocrx_word' id='word_1_219' title='bbox 1102 3307 1234 3374; x_wconf 78' lang='lat' dir='ltr'><strong><em>laudans</em></strong></span> <span class='ocrx_word' id='word_1_220' title='bbox 1256 3312 1433 3390; x_wconf 67' lang='lat' dir='ltr'><strong><em>satyricum</em></strong></span> <span class='ocrx_word' id='word_1_221' title='bbox 1453 3327 1526 3391; x_wconf 84' lang='lat' dir='ltr'><strong><em>poe-</em></strong></span> 
     </span>
     <span class='ocr_line' id='line_1_28' title="bbox 345 3413 594 3480; baseline 0 -2"><span class='ocrx_word' id='word_1_222' title='bbox 345 3423 410 3478; x_wconf 91' lang='lat' dir='ltr'><strong><em>tam</em></strong></span> <span class='ocrx_word' id='word_1_223' title='bbox 427 3413 594 3480; x_wconf 75' lang='lat' dir='ltr'><strong><em>dicentem:</em></strong></span> 
     </span>
    </p>
   </div>
   <div class='ocr_carea' id='block_1_4' title="bbox 533 3599 1353 3933">
    <p class='ocr_par' dir='ltr' id='par_1_4' title="bbox 533 3599 1353 3766">
     <span class='ocr_line' id='line_1_29' title="bbox 534 3599 1353 3674; baseline 0.005 -20"><span class='ocrx_word' id='word_1_224' title='bbox 534 3599 569 3655; x_wconf 78' lang='lat' dir='ltr'><strong><em>lit</em></strong></span> <span class='ocrx_word' id='word_1_225' title='bbox 581 3601 716 3672; x_wconf 80' lang='lat' dir='ltr'><strong><em>majorum</em></strong></span> <span class='ocrx_word' id='word_1_226' title='bbox 734 3603 843 3657; x_wconf 82' lang='lat' dir='ltr'><strong><em>umbris</em></strong></span> <span class='ocrx_word' id='word_1_227' title='bbox 855 3607 967 3658; x_wconf 82' lang='lat' dir='ltr'><strong><em>tenuem</em></strong></span> <span class='ocrx_word' id='word_1_228' title='bbox 982 3606 1010 3658; x_wconf 84' lang='lat' dir='ltr'><strong><em>el</em></strong></span> <span class='ocrx_word' id='word_1_229' title='bbox 1025 3602 1086 3658; x_wconf 82' lang='lat' dir='ltr'><strong><em>siae</em></strong></span> <span class='ocrx_word' id='word_1_230' title='bbox 1100 3603 1220 3674; x_wconf 85' lang='lat' dir='ltr'><strong><em>pandere</em></strong></span> <span class='ocrx_word' id='word_1_231' title='bbox 1234 3604 1353 3670; x_wconf 75' lang='lat' dir='ltr'><strong><em>temam,</em></strong></span> 
     </span>
     <span class='ocr_line' id='line_1_30' title="bbox 533 3691 1279 3766; baseline 0.001 -18"><span class='ocrx_word' id='word_1_232' title='bbox 533 3691 732 3764; x_wconf 81' lang='lat' dir='ltr'><strong><em>Spissatesquc</em></strong></span> <span class='ocrx_word' id='word_1_233' title='bbox 747 3709 853 3761; x_wconf 83' lang='lat' dir='ltr'><strong><em>crocos,</em></strong></span> <span class='ocrx_word' id='word_1_234' title='bbox 870 3697 898 3748; x_wconf 85' lang='lat' dir='ltr'><strong><em>et</em></strong></span> <span class='ocrx_word' id='word_1_235' title='bbox 913 3693 942 3748; x_wconf 88' lang='lat' dir='ltr'><strong><em>in</em></strong></span> <span class='ocrx_word' id='word_1_236' title='bbox 957 3711 1026 3750; x_wconf 80' lang='lat' dir='ltr'><strong><em>urna</em></strong></span> <span class='ocrx_word' id='word_1_237' title='bbox 1040 3699 1202 3766; x_wconf 79' lang='lat' dir='ltr'><strong><em>perpetuum</em></strong></span> <span class='ocrx_word' id='word_1_238' title='bbox 1217 3709 1279 3758; x_wconf 68' lang='lat' dir='ltr'><strong><em>ven</em></strong></span> 
     </span>
    </p>

    <p class='ocr_par' dir='ltr' id='par_1_5' title="bbox 533 3785 1164 3860">
     <span class='ocr_line' id='line_1_31' title="bbox 533 3785 1164 3860; baseline 0.003 -20"><span class='ocrx_word' id='word_1_239' title='bbox 533 3785 587 3852; x_wconf 87' lang='lat' dir='ltr'><strong><em>Qui</em></strong></span> <span class='ocrx_word' id='word_1_240' title='bbox 602 3791 796 3856; x_wconf 72' lang='lat' dir='ltr'><strong><em>preceptorem</em></strong></span> <span class='ocrx_word' id='word_1_241' title='bbox 811 3786 901 3841; x_wconf 80' lang='lat' dir='ltr'><strong><em>saneti</em></strong></span> <span class='ocrx_word' id='word_1_242' title='bbox 916 3787 1026 3844; x_wconf 79' lang='lat' dir='ltr'><strong><em>voluere</em></strong></span> <span class='ocrx_word' id='word_1_243' title='bbox 1041 3787 1164 3860; x_wconf 82' lang='lat' dir='ltr'><strong><em>parentis</em></strong></span> 
     </span>
    </p>

    <p class='ocr_par' dir='ltr' id='par_1_6' title="bbox 533 3875 683 3933">
     <span class='ocr_line' id='line_1_32' title="bbox 533 3875 683 3933; baseline -0.007 0"><span class='ocrx_word' id='word_1_244' title='bbox 533 3875 603 3933; x_wconf 78' lang='lat' dir='ltr'><strong><em>Esse</em></strong></span> <span class='ocrx_word' id='word_1_245' title='bbox 617 3879 683 3933; x_wconf 91' lang='lat' dir='ltr'><strong><em>loco.</em></strong></span> 
     </span>
    </p>
   </div>
   <div class='ocr_carea' id='block_1_5' title="bbox 341 4070 1530 4602">
    <p class='ocr_par' dir='ltr' id='par_1_7' title="bbox 341 4070 1530 4602">
     <span class='ocr_line' id='line_1_33' title="bbox 348 4070 1528 4154; baseline 0.011 -22"><span class='ocrx_word' id='word_1_246' title='bbox 348 4070 384 4133; x_wconf 82' lang='lat' dir='ltr'><strong><em>lit</em></strong></span> <span class='ocrx_word' id='word_1_247' title='bbox 402 4074 502 4152; x_wconf 84' lang='lat' dir='ltr'><strong><em>ipitus</em></strong></span> <span class='ocrx_word' id='word_1_248' title='bbox 524 4092 573 4148; x_wconf 88' lang='lat' dir='ltr'><strong><em>co,</em></strong></span> <span class='ocrx_word' id='word_1_249' title='bbox 597 4075 680 4138; x_wconf 83' lang='lat' dir='ltr'><strong><em>uude</em></strong></span> <span class='ocrx_word' id='word_1_250' title='bbox 703 4075 917 4150; x_wconf 66' lang='lat' dir='ltr'><strong><em>discessimus,</em></strong></span> <span class='ocrx_word' id='word_1_251' title='bbox 933 4085 1146 4141; x_wconf 82' lang='lat' dir='ltr'><strong><em>revertamur:</em></strong></span> <span class='ocrx_word' id='word_1_252' title='bbox 1165 4079 1193 4141; x_wconf 88' lang='lat' dir='ltr'><strong><em>si</em></strong></span> <span class='ocrx_word' id='word_1_253' title='bbox 1216 4075 1315 4143; x_wconf 81' lang='lat' dir='ltr'><strong><em>Terra</em></strong></span> <span class='ocrx_word' id='word_1_254' title='bbox 1333 4087 1528 4154; x_wconf 81' lang='lat' dir='ltr'><strong><em>moveretur,</em></strong></span> 
     </span>
     <span class='ocr_line' id='line_1_34' title="bbox 342 4183 1529 4270; baseline 0.008 -27"><span class='ocrx_word' id='word_1_255' title='bbox 342 4191 377 4244; x_wconf 86' lang='lat' dir='ltr'><strong><em>at</em></strong></span> <span class='ocrx_word' id='word_1_256' title='bbox 393 4187 538 4264; x_wconf 76' lang='lat' dir='ltr'><strong><em>supponit</em></strong></span> <span class='ocrx_word' id='word_1_257' title='bbox 560 4183 763 4266; x_wconf 66' lang='lat' dir='ltr'><strong><em>Copsruisus</em></strong></span> <span class='ocrx_word' id='word_1_258' title='bbox 783 4195 846 4251; x_wconf 93' lang='lat' dir='ltr'><strong><em>tota</em></strong></span> <span class='ocrx_word' id='word_1_259' title='bbox 857 4187 929 4267; x_wconf 79' lang='lat' dir='ltr'><strong><em>jam</em></strong></span> <span class='ocrx_word' id='word_1_260' title='bbox 958 4187 1194 4268; x_wconf 77' lang='lat' dir='ltr'><strong><em>conflopmsset,</em></strong></span> <span class='ocrx_word' id='word_1_261' title='bbox 1224 4195 1318 4270; x_wconf 75' lang='lat' dir='ltr'><strong><em>atque</em></strong></span> <span class='ocrx_word' id='word_1_262' title='bbox 1344 4205 1380 4250; x_wconf 85' lang='lat' dir='ltr'><strong><em>ca</em></strong></span> <span class='ocrx_word' id='word_1_263' title='bbox 1409 4191 1529 4252; x_wconf 83' lang='lat' dir='ltr'><strong><em>amaia</em></strong></span> 
     </span>
     <span class='ocr_line' id='line_1_35' title="bbox 342 4293 1529 4379; baseline 0.002 -21"><span class='ocrx_word' id='word_1_264' title='bbox 342 4303 547 4374; x_wconf 77' lang='lat' dir='ltr'><strong><em>sequerentur</em></strong></span> <span class='ocrx_word' id='word_1_265' title='bbox 569 4295 776 4369; x_wconf 79' lang='lat' dir='ltr'><strong><em>incommoda,</em></strong></span> <span class='ocrx_word' id='word_1_266' title='bbox 797 4313 866 4377; x_wconf 80' lang='lat' dir='ltr'><strong><em>qua</em></strong></span> <span class='ocrx_word' id='word_1_267' title='bbox 888 4293 1055 4376; x_wconf 79' lang='lat' dir='ltr'><strong><em>Copcruico</em></strong></span> <span class='ocrx_word' id='word_1_268' title='bbox 1072 4298 1190 4378; x_wconf 77' lang='lat' dir='ltr'><strong><em>eaiaua</em></strong></span> <span class='ocrx_word' id='word_1_269' title='bbox 1208 4297 1355 4363; x_wconf 79' lang='lat' dir='ltr'><strong><em>uideatur</em></strong></span> <span class='ocrx_word' id='word_1_270' title='bbox 1376 4313 1413 4361; x_wconf 89' lang='lat' dir='ltr'><strong><em>ac</em></strong></span> <span class='ocrx_word' id='word_1_271' title='bbox 1436 4297 1529 4379; x_wconf 68' lang='lat' dir='ltr'><strong><em>flocci</em></strong></span> 
     </span>
     <span class='ocr_line' id='line_1_36' title="bbox 341 4403 1529 4490; baseline 0.004 -22"><span class='ocrx_word' id='word_1_272' title='bbox 341 4403 502 4488; x_wconf 79' lang='lat' dir='ltr'><strong><em>saciemla,</em></strong></span> <span class='ocrx_word' id='word_1_273' title='bbox 520 4403 609 4468; x_wconf 81' lang='lat' dir='ltr'><strong><em>mocio</em></strong></span> <span class='ocrx_word' id='word_1_274' title='bbox 621 4403 700 4468; x_wconf 89' lang='lat' dir='ltr'><strong><em>solas</em></strong></span> <span class='ocrx_word' id='word_1_275' title='bbox 713 4403 881 4471; x_wconf 86' lang='lat' dir='ltr'><strong><em>coelestium</em></strong></span> <span class='ocrx_word' id='word_1_276' title='bbox 896 4413 1038 4470; x_wconf 87' lang='lat' dir='ltr'><strong><em>motuum</em></strong></span> <span class='ocrx_word' id='word_1_277' title='bbox 1052 4415 1194 4474; x_wconf 81' lang='lat' dir='ltr'><strong><em>constare</em></strong></span> <span class='ocrx_word' id='word_1_278' title='bbox 1208 4409 1307 4490; x_wconf 78' lang='lat' dir='ltr'><strong><em>[aciat</em></strong></span> <span class='ocrx_word' id='word_1_279' title='bbox 1320 4411 1529 4490; x_wconf 67' lang='lat' dir='ltr'><strong><em>apparentiae</em></strong></span> 
     </span>
     <span class='ocr_line' id='line_1_37' title="bbox 342 4511 1530 4602; baseline 0.005 -24"><span class='ocrx_word' id='word_1_280' title='bbox 342 4532 378 4578; x_wconf 90' lang='lat' dir='ltr'><strong><em>ac</em></strong></span> <span class='ocrx_word' id='word_1_281' title='bbox 398 4515 545 4578; x_wconf 76' lang='lat' dir='ltr'><strong><em>rationes.</em></strong></span> <span class='ocrx_word' id='word_1_282' title='bbox 566 4511 628 4578; x_wconf 80' lang='lat' dir='ltr'><strong><em>sea</em></strong></span> <span class='ocrx_word' id='word_1_283' title='bbox 645 4517 721 4597; x_wconf 82' lang='lat' dir='ltr'><strong><em>quio</em></strong></span> <span class='ocrx_word' id='word_1_284' title='bbox 739 4515 831 4598; x_wconf 74' lang='lat' dir='ltr'><strong><em>affert</em></strong></span> <span class='ocrx_word' id='word_1_285' title='bbox 849 4516 949 4582; x_wconf 80' lang='lat' dir='ltr'><strong><em>adhuc</em></strong></span> <span class='ocrx_word' id='word_1_286' title='bbox 969 4518 1032 4598; x_wconf 86' lang='lat' dir='ltr'><strong><em>ipsc</em></strong></span> <span class='ocrx_word' id='word_1_287' title='bbox 1050 4517 1377 4599; x_wconf 76' lang='lat' dir='ltr'><strong><em>aliuhaspumcatum</em></strong></span> <span class='ocrx_word' id='word_1_288' title='bbox 1392 4517 1438 4584; x_wconf 82' lang='lat' dir='ltr'><strong><em>acl</em></strong></span> <span class='ocrx_word' id='word_1_289' title='bbox 1449 4539 1530 4602; x_wconf 89' lang='lat' dir='ltr'><strong><em>pro-</em></strong></span> 
     </span>
    </p>
   </div>
   <div class='ocr_carea' id='block_1_6' title="bbox 0 0 1656 5282">
    <p class='ocr_par' dir='ltr' id='par_1_8' title="bbox 0 0 1656 5282">
     <span class='ocr_line' id='line_1_38' title="bbox 0 0 1656 5282; baseline 0 0"><span class='ocrx_word' id='word_1_290' title='bbox 0 0 1656 5282; x_wconf 95' lang='lat' dir='ltr'><strong><em> </em></strong></span> 
     </span>
    </p>
   </div>
  </div>
 </body>
</html>
