3096 5154
176 273 241 341 tlt
469 282 613 333 termas
635 282 731 331 sonus
754 278 934 329 sarlatum
956 278 1069 335 nouam

173 423 409 497 commodatis,
421 438 475 485 me
493 419 577 485 milti
596 418 765 483 adversari
781 418 915 483 macria:
934 420 970 483 at
990 418 1283 483 contra-namma
1302 416 1383 485 nidi

59 622 63 629 .
175 536 362 610 adversari,
378 548 485 615 noque
497 530 661 595 rationem
674 528 912 613 praedictarum
928 524 1382 611 altllndlnnmoxtompm

175 643 430 713 illuminationis
443 640 777 716 dimetiendamm,a
802 638 919 705 multis
945 634 1107 723 peccandi
1123 638 1384 713 uomioniltu

178 753 238 841 (ob
258 759 503 837 assumptorum
520 748 797 837 inconstantiam)
821 766 892 815 esso
909 736 1138 825 vacuam..ax
1153 750 1383 833 murdim

177 867 235 933 liet
248 864 471 931 manifestum.
489 864 597 945 thue
613 862 761 945 primum
777 878 833 925 mc
849 878 872 925 a
884 858 1387 935 contradictionlbnalibercan·

178 979 275 1042 detur
283 992 324 1040 ea
334 974 462 1051 omnia,
479 990 554 1055 quae
573 977 638 1037 ate
649 972 775 1055 scripta
785 976 879 1048 sunt,
890 986 1067 1037 marera:
1078 972 1274 1053 tmcqntrt
1283 972 1383 1047 dini.

178 1085 481 1170 quasro‚quisplam
492 1082 568 1149 indo
584 1082 735 1165 colliget,
751 1099 854 1165 quam
873 1080 1115 1147 nonnullorum
1132 1084 1320 1151 montium
1335 1086 1382 1151 al-

150 1272 155 1287 ,
178 1197 336 1263 titudincs
362 1198 508 1279 quatuor
533 1191 730 1257 milliarium
760 1198 948 1275 compertas
968 1209 990 1255 a
1010 1208 1066 1255 mc
1086 1188 1384 1267 tuta-aum

112 1328 119 1343 ··
178 1326 260 1379 vero
274 1325 296 1373 c
310 1311 343 1373 tc
357 1306 419 1373 vix
432 1304 541 1369 tertiae
560 1302 664 1367 unius
680 1301 805 1384 partiat
822 1302 894 1369 lloc
909 1300 1386 1393 auomatrertratmam

178 1382 294 1496 credo,
310 1422 344 1483 et
363 1416 480 1483 fateor.
499 1413 568 1481 llcc
583 1418 698 1479 tamam
714 1430 736 1478 c
755 1430 808 1477 me
826 1414 1086 1495 pronunciatum
1102 1410 1319 1493 tuitullilst,
1335 1414 1386 1481 ia·

178 1545 277 1595 nares
298 1531 428 1595 montes
452 1541 568 1591 omnes
584 1522 734 1606 ejusdem
755 1528 790 1589 et
807 1524 998 1589 celsissima
1017 1520 1283 1605 magnitudinis
1306 1542 1387 1601 aasz

178 1646 257 1707 aunt
272 1641 310 1707 in
326 1638 438 1721 Luna.
454 1636 506 1703 uti
525 1637 685 1711 arbitror,
702 1633 810 1701 veluti
826 1634 862 1699 in
886 1639 992 1713 terra,
1004 1638 1044 1699 et
1061 1632 1248 1701 altissim
1268 1642 1310 1705 at
1321 1654 1388 1705 na·

179 1730 311 1819 dloc‘res
328 1749 517 1815 eminentiae
538 1752 573 1811 et
589 1746 720 1829 exigua
733 1764 875 1829 quoque.
1133 1828 1136 1833 Ι

268 1859 433 1941 Amplius,
445 1858 586 1923 vertices
596 1856 726 1921 lucidos
737 1856 1117 1935 nonnullosaoonlinio
1125 1856 1286 1931 luminis
1295 1860 1389 1927 ani-

181 1984 245 2043 sos,
259 1967 369 2031 eidem
383 1966 527 2031 termino
541 1966 631 2029 intra
644 1965 666 2027 2
681 1966 735 2031 vei
748 1964 769 2031 3
786 1968 888 2033 horas
905 1969 1075 2034 adherere
1091 1968 1316 2055 consumpsi,
1328 1986 1390 2039 11

182 2087 296 2145 tamen
311 2075 494 2161 verticibus
509 2076 665 2141 omnibns
681 2076 770 2142 idem
788 2078 938 2143 accidere
956 2078 1162 2163 significavi:
1177 2088 1272 2149 aaut
1289 2084 1391 2157 enh.

182 2189 242 2271 qui
263 2203 369 2269 neque
386 2192 497 2261 sexta,
517 2191 577 2251 aut
594 2192 731 2264 comta,
748 2192 808 2254 cut
825 2189 909 2255 torte
927 2191 1029 2255 ctiam
1047 2189 1196 2267 tardius,
1217 2208 1314 2259 cnm
1327 2198 1392 2261 tte-

186 2300 279 2363 mino
295 2297 654 2387 lucisjunpanturalex
669 2301 791 2382 quibus
808 2301 858 2365 nil
878 2301 970 2368 aliud
983 2302 1108 2367 inieras
1121 2300 1223 2379 licet,
1242 2304 1324 2373 nid
1339 2322 1392 2373 aa·

184 2411 341 2477 rumdem
354 2412 520 2477 montium
540 2410 687 2496 dispares
705 2412 908 2479 altitudines.

271 2522 393 2605 Atiam
402 2522 636 2605 tandemquot
647 2524 845 2606 quantisque
856 2524 997 2589 fallaciis
1006 2524 1112 2603 altera
1121 2524 1393 2595 madescimus

183 2636 226 2701 sit
243 2633 406 2706 obnoxia,
425 2648 486 2712 pro
510 2633 640 2695 viribus
660 2632 876 2713 explicamus.
897 2633 1026 2711 Primo,
1049 2632 1181 2715 tornet
1195 2652 1276 2703 nnn
1298 2652 1394 2723 pou

183 2750 258 2810 tuto
276 2741 412 2807 verticis
429 2738 575 2821 alicujus
593 2740 804 2807 altitudinem
818 2760 862 2808 cx
876 2762 970 2811 mora
983 2744 1237 2829 conjunctionis
1256 2750 1393 2817 uarios

185 2870 250 2934 que
277 2849 429 2926 luminis,
459 2849 596 2915 verticis
619 2868 738 2933 nempe
772 2859 807 2918 et
827 2857 965 2921 conliuii
994 2856 1162 2976 indagari,
1183 2860 1248 2925 vel
1264 2878 1331 2927 ax
1354 2876 1393 2927 an

186 2963 401 3029 manifestum
419 2977 490 3025 esse
507 2965 630 3043 potest,
648 2964 754 3043 quod,
771 2967 880 3047 posita
904 2968 1021 3031 eadem
1046 2967 1173 3032 montis
1199 2969 1392 3037 altitudine

187 3077 365 3157 eademque
380 3091 401 3138 a
419 3071 568 3141 confinio
585 3071 671 3135 lucis
689 3073 861 3152 distantia,
881 3077 1048 3140 luminum
1062 3077 1184 3158 copula
1197 3078 1391 3161 aliquando

190 3187 368 3259 rnaturius,
386 3184 567 3265 aliquando
584 3184 690 3246 scrius
707 3186 857 3265 praestari
876 3192 999 3266 potest,
1013 3191 1114 3268 prout
1124 3185 1234 3250 obicis
1249 3188 1391 3255 advcrd

189 3294 367 3358 declinatio
383 3295 502 3374 magis,
521 3295 675 3359 minusve
693 3294 793 3359 luerit
809 3302 992 3377 praeruptn3
1010 3297 1102 3379 quod
1120 3295 1251 3361 clarius
1264 3315 1315 3363 cx
1331 3318 1392 3383 ap·

190 3404 294 3485 posita
311 3403 420 3485 ligura
439 3403 642 3486 intelligetur
663 3401 760 3489 (Tab.
779 3404 838 3476 lll,
858 3404 929 3487 Fig.
951 3405 1020 3493 tv).

278 3514 326 3579 Sit
350 3516 439 3579 enim
465 3530 561 3577 mons
579 3513 673 3587 ABG,
689 3517 746 3577 cui
764 3533 807 3577 ex
825 3516 953 3581 oriente
972 3523 1159 3601 opponatur
1176 3519 1270 3583 alter
1290 3538 1394 3589 mona

190 3625 286 3691 ‹znuz
305 3626 447 3689 vertices
457 3624 633 3688 amborum
648 3625 821 3705 contingat
839 3627 952 3692 radius
968 3629 1060 3703 BllF,
1073 3630 1156 3693 adeo
1167 3634 1206 3693 ut
1222 3632 1290 3695 vix
1307 3638 1393 3697 tan-

192 3744 262 3798 tum
282 3734 308 3796 B
328 3739 445 3798 vertex
468 3733 663 3797 illustretur.
686 3731 762 3795 Jam
776 3735 805 3797 si
819 3735 908 3801 dorsi
925 3737 979 3805 DC
998 3740 1177 3803 declinatio
1195 3743 1392 3809 secundnm

191 3849 313 3910 lincam
325 3842 381 3909 cn
392 3841 593 3907 extendatur
604 3859 721 3907 versus
735 3840 774 3920 G,
786 3852 876 3927 patet
886 3850 987 3929 quod,
997 3853 1177 3915 constituto
1187 3850 1258 3915 sole
1270 3854 1393 3935 paullo

189 3974 290 4036 sopra
309 3956 441 4019 radium
457 3950 552 4029 CDG,
569 3961 640 4020 tota
657 3957 755 4022 vullis
780 3958 860 4026 DCB
892 3963 956 4026 erit
984 3963 1164 4036 luminosa,
1188 3963 1392 4051 junctusque

190 4073 288 4129 orant
315 4067 408 4129 luces
436 4064 571 4129 verticis
599 4066 625 4129 B
649 4074 682 4131 ct
708 4072 842 4134 tormini
861 4071 889 4137 D
908 4089 966 4152 per
980 4072 1266 4138 continuationem
1285 4080 1391 4161 spatii

191 4176 348 4239 irrrrrinosi
361 4173 453 4241 nult:
473 4175 607 4256 quodsi
623 4177 764 4261 abrupta
781 4181 888 4260 magis
900 4181 982 4244 toret
992 4184 1114 4246 montis
1124 4183 1311 4252 declinatio
1320 4186 1390 4263 DC.

192 4303 310 4367 lr'rrtrpe
324 4287 508 4351 seeundum
524 4287 645 4351 lineam
665 4287 748 4364 lint,
761 4289 835 4370 iam
853 4292 921 4354 sole
936 4292 970 4355 in
982 4290 1011 4356 G
1023 4295 1219 4369 constituto,
1232 4296 1394 4367 intersti-

191 4402 276 4465 tium
293 4393 351 4465 HG
370 4397 479 4463 adum
496 4399 706 4465 tenebrosum
725 4400 823 4477 lorct,
840 4401 937 4482 cujus
952 4405 1072 4468 umbra
1086 4406 1218 4485 plagam
1234 4405 1394 4479 luminu-
