3096 5154
582 333 811 384 rsmouourcus
833 334 959 382 umerus
1314 317 1358 383 93

180 475 298 538 minor.
320 472 459 538 Rectam
480 473 631 554 proxime
648 474 862 554 designabant
877 474 1015 549 lineam,
1032 474 1096 537 nisi
1113 475 1201 556 quod
1219 479 1316 542 tertia
1333 496 1353 540 a

178 583 259 648 Jove
276 584 462 666 paullulum
480 583 701 648 attollebatur.
721 582 804 646 Fixa
819 602 898 648 cnm
915 584 1014 659 Jove,
1032 589 1066 649 et
1080 584 1284 648 orientaliori
1295 587 1357 650 tri·

179 711 301 777 genum
320 695 550 775 aequilaterum
568 694 804 769 constituebat,
818 699 857 759 ut
876 696 911 759 in
929 695 1046 775 ligura.

265 804 325 870 Die
342 805 374 880 2,
392 805 476 868 bora
495 805 531 879 0,
548 805 627 868 min.
645 802 699 879 lt),
719 809 786 868 tres
808 804 982 868 adstabant
999 805 1154 886 planetae,
1177 807 1357 873 orientales

179 916 261 993 duo,
281 932 370 980 unus
386 932 468 979 vero
485 915 643 979 occiduus
662 914 697 978 in
714 914 776 978 tali
788 914 1061 996 configuratione.
1074 915 1199 980 Aberat
1213 917 1359 980 orienta-

179 1027 243 1091 lior
261 1043 282 1090 a
298 1025 382 1090 Jove
399 1027 480 1089 min.
498 1024 531 1102 7,
548 1025 591 1088 ab
608 1025 672 1090 boc
691 1025 834 1091 distabat
848 1042 986 1107 sequens
998 1026 1082 1090 min.
1100 1026 1133 1103 0,
1146 1044 1210 1092 sec.
1225 1026 1278 1093 30.
1292 1026 1360 1092 00-

185 1222 265 1312 of.
597 1174 693 1280 25ss*
798 1179 900 1386 Q)
931 1221 975 1309 s
1250 1226 1356 1317 occ.

927 1411 981 1520 30
1009 1438 1077 1518 rsa

179 1602 352 1668 cidentalis
360 1622 443 1670 vero
452 1605 669 1689 elongabatur
680 1605 787 1672 alove
797 1605 915 1683 min.2;
927 1612 1024 1672 erant
1034 1608 1175 1671 extremi
1185 1608 1361 1673 lucidiores

179 1732 219 1778 ac
237 1715 381 1798 majores
398 1716 541 1799 reliquo,
559 1717 617 1799 qui
635 1716 812 1787 admodum
830 1717 971 1799 exiguus
991 1716 1181 1801 apparebat.
1205 1714 1361 1781 Orienta-

177 1825 272 1890 liora
284 1830 374 1890 recta
388 1827 491 1904 linea,
511 1845 571 1909 per
585 1827 745 1908 reliquos,
755 1831 788 1891 et
797 1826 918 1892 lovem
927 1827 1044 1903 dueta,
1055 1828 1242 1909 paullulum
1253 1826 1288 1890 in
1298 1825 1362 1890 Βο-

178 1954 269 2002 ream
285 1928 463 2004 videbatur
482 1939 599 2004 elatus.
618 1938 701 2003 Fixa
714 1937 787 2020 jam
798 1937 957 2003 adnotata
968 1938 1010 2002 ab
1021 1937 1218 2004 occidentali
1228 1936 1362 2018 planeta

176 2046 255 2108 min.
270 2044 292 2109 8
306 2047 464 2124 distabat,
479 2049 661 2115 secundum
675 2048 979 2131 perpendicularem
995 2049 1036 2112 ab
1055 2048 1126 2130 ipso
1143 2050 1278 2130 planeta
1296 2044 1361 2110 du-

179 2160 268 2217 ctam
285 2174 382 2238 super
398 2159 522 2222 lineam
539 2166 664 2224 rectam
681 2176 739 2241 per
755 2158 903 2240 planetas
920 2174 1033 2224 omnes
1046 2164 1232 2234 extensam3
1247 2158 1354 2223 veluti

181 2265 330 2344 apposita
348 2266 457 2346 ligura
474 2267 676 2332 demonstrat
700 2265 760 2356 (1).

269 2372 329 2437 Die
348 2373 369 2436 9
386 2375 514 2450 martii,
528 2376 611 2439 bora
626 2377 658 2451 5,
674 2379 750 2442 talis
760 2380 823 2444 luit
834 2381 1033 2445 constitutio.
1052 2378 1230 2444 Orientalis
1247 2382 1360 2444 aberam

180 2483 294 2548 alove
303 2483 382 2548 min.
394 2484 429 2558 73
445 2485 601 2566 proxima
611 2487 866 2554 occidentalium
883 2489 1025 2554 distabat
1041 2489 1123 2555 min.
1136 2490 1167 2564 0,
1178 2505 1241 2552 see.
1252 2487 1306 2552 lo:
1319 2489 1361 2550 ab

178 2594 240 2659 boc
256 2611 395 2675 sequens
410 2595 525 2659 aberat
535 2596 615 2659 min.
628 2596 660 2672 0,
677 2614 741 2662 sec.
756 2596 810 2662 20.
822 2596 1068 2664 Occidentalior
1083 2598 1227 2664 distabat
1242 2615 1263 2661 a
1279 2596 1361 2662 Jove

177 2705 258 2770 min.
267 2702 299 2768 8.
308 2705 413 2770 Erant
427 2722 542 2769 omnes
553 2705 587 2770 in
598 2706 713 2771 eadem
724 2711 830 2784 recta3
840 2708 947 2773 solum
956 2706 1034 2774 lovi
1042 2709 1195 2791 proxima
1205 2706 1361 2772 occiden-

177 2816 253 2880 talis
262 2815 449 2898 paullulum
460 2819 493 2880 et
503 2816 571 2880 lere
582 2816 816 2882 insensibiliter
825 2816 1019 2885 elevabatur
1029 2818 1065 2884 ln
1075 2820 1222 2897 boream,
1234 2823 1293 2886 ant
1307 2836 1361 2884 se·

177 2943 281 3006 quens
291 2924 478 2991 declinabat
487 2926 803 3012 inaustrnmquoad
811 2945 941 3013 magnae
950 2931 1360 3009 erantntadnotatumest.

182 3126 261 3216 or.
468 3128 512 3211 s
691 3083 947 3292 &aaa
1076 3125 1119 3211 s
1248 3134 1354 3224 occ.

267 3358 327 3425 Die
347 3358 400 3434 10,
416 3360 499 3426 bora
517 3360 550 3437 5,
567 3365 636 3426 tres
651 3366 782 3428 tantum
805 3364 1025 3428 comebantur
1047 3363 1159 3426 stella.
1182 3360 1359 3427 Orientalis

178 3470 371 3536 nnanove
382 3470 507 3535 distem
517 3474 597 3536 min.
609 3471 642 3535 l:
654 3473 875 3538 occidentales
884 3471 969 3548 duae,
980 3490 1121 3554 quarum
1135 3472 1211 3537 Jovi
1221 3474 1358 3555 propin·
1463 3502 1465 3506 >

178 3581 275 3661 quior
292 3581 406 3644 aberat
425 3581 505 3646 min.
524 3581 807 3665 cucumerem
824 3584 1061 3649 occidentalior
1078 3583 1221 3648 distabat
1238 3585 1280 3648 ab
1295 3585 1356 3646 bac

178 3692 258 3755 min.
269 3689 409 3757 l.Erant
420 3709 534 3758 omnes
547 3695 583 3758 in
593 3693 710 3759 eadem
720 3700 811 3760 recta
822 3696 1004 3762 secundum
1013 3696 1185 3778 eclypticae
1208 3696 1356 3760 ductum.

184 3868 263 3960 Or.
549 3866 603 3974 30
695 3828 797 4034 Θ
830 3869 884 3976 30
944 3870 998 3981 30
1245 3876 1352 3967 Oce·

265 4105 325 4171 Ilie
345 4102 490 4182 12,bora
501 4102 533 4181 0,
544 4103 624 4169 min.
638 4102 690 4170 30.
702 4104 782 4171 lluae
797 4109 927 4173 tantum
937 4109 1039 4175 stellae
1054 4107 1355 4192 conspiciebantur:

249 4351 283 4412 (l)
299 4350 438 4414 llucnsqnc
453 4348 643 4401 observationes
652 4348 710 4413 jam
724 4352 799 4402 unica
814 4349 904 4403 edite:
922 4351 1038 4417 relique,
1049 4351 1091 4403 ubi
1100 4364 1175 4415 supra
1191 4349 1290 4398 dictum
1303 4349 1356 4395 est.

179 4437 246 4473 rrunc
261 4425 373 4487 primurn
389 4427 415 4478 io
431 4426 515 4480 lucem
532 4424 669 4489 prodeunt.
1158 4428 1225 4477 Adri.
1243 4425 1315 4473 Edit.
