3096 5154
544 355 583 402 oc
607 353 812 404 cusanam
835 352 865 401 tn
887 353 968 402 am
991 353 1078 401 cona
1331 335 1395 402 ³35

221 491 411 554 substentari
424 505 611 572 passarum,
628 492 731 565 modo,
751 493 806 557 lloc
827 500 938 556 exacto
963 499 1113 573 tempore,
1131 506 1203 553 cum
1222 490 1284 554 luci
1301 496 1394 557 resti-

222 608 364 664 tueretur
380 601 448 681 ejus
467 609 621 666 amaram
642 603 778 683 perfecte
803 610 925 683 caperet
943 609 973 664 et
991 601 1188 682 intelliqeret‚
1216 610 1395 665 constanter

219 712 419 774 asseoerooit.
438 709 580 790 Diqnom
597 719 678 775 certe
695 711 820 793 quidem
841 713 910 777 olro
928 711 1108 793 qltilasoqlo
1129 711 1333 774 sententiam!
1357 710 1394 773 llt

220 841 293 886 ocra
322 823 405 884 nanc
433 822 571 885 eamdem
601 821 764 886 dubitandi
789 825 946 886 rationem
973 821 1062 886 noln's
1090 822 1301 903 confiniorum,
1325 839 1396 884 cum

136 960 142 972 ·
220 931 305 1013 apesd
321 949 429 996 omnes
443 949 484 994 ea
499 932 656 994 communi
670 931 774 994 scltolo
788 940 897 995 notum
911 948 975 994 esse
990 939 1197 1010 coqnosccret‚
1213 929 1317 992 lumen
1332 947 1396 992 esse

220 1041 404 1121 qualitatem
420 1041 652 1121 incorpoream,
669 1059 739 1122 qua
755 1041 879 1122 juqs'ter
900 1058 922 1103 a
945 1057 1071 1120 corpore
1093 1038 1196 1103 lucido
1213 1041 1248 1101 in
1265 1039 1398 1121 dianna

220 1168 299 1212 num
312 1149 467 1231 producta
489 1158 650 1222 manaret,-
667 1151 731 1230 ipse
750 1152 946 1214 contrarium
964 1168 996 1212 se
1014 1147 1103 1214 nolis
1125 1158 1325 1213 ostensarum
1341 1149 1398 1215 olt-

221 1259 308 1331 tulit‚
325 1266 476 1340 occupato
493 1276 632 1322 seorsum
648 1277 670 1322 a
688 1259 845 1340 diannano
859 1259 1036 1322 illuminato
1055 1259 1136 1332 luce,
1152 1268 1246 1340 atque
1263 1261 1396 1330 inclusa,

222 1372 272 1432 lta
282 1377 319 1432 ut
335 1367 478 1433 omnious
495 1377 658 1450 appareret
668 1370 703 1431 in
716 1367 868 1443 tenebris,-
881 1386 980 1449 neque
995 1385 1128 1434 accensa
1144 1375 1201 1430 aut
1219 1369 1321 1448 iqnita
1335 1367 1397 1432 oli-

221 1498 287 1561 qua
304 1481 451 1552 materia,
470 1487 506 1542 nt
524 1480 592 1562 fieri
610 1481 784 1553 consuerit,
802 1479 856 1542 sed
873 1479 939 1542 lucc
958 1486 1083 1540 tontum
1099 1494 1239 1541 seorsum
1256 1488 1394 1560 sumpta,

220 1607 258 1652 ac
276 1589 374 1652 veluti
393 1607 435 1652 ea
451 1590 573 1669 inteqro
599 1606 725 1670 corpore
753 1589 911 1653 mutilata.
934 1585 1025 1663 Quod
1046 1606 1119 1651 cnm
1137 1586 1282 1658 omnibus
1297 1606 1397 1671 paro-
1504 1586 1541 1684 ’f

221 1697 340 1762 docum
358 1698 534 1774 uideretur,
551 1699 616 1779 ipse
633 1715 665 1760 se
683 1716 758 1762 mac
775 1707 975 1764 ostensuram
988 1697 1144 1780 pollicitus
1161 1705 1216 1760 est.
1233 1696 1313 1762 Cum
1326 1701 1397 1779 qri-

221 1826 308 1871 mum
325 1809 427 1888 iqitur
442 1807 600 1871 matutino
621 1807 801 1889 crepitaculo
822 1808 941 1882 lamen,
960 1808 1198 1892 irradiationem
1216 1805 1298 1872 Solis
1311 1827 1397 1890 pra-

220 1919 361 1991 oeniens,
383 1935 488 1981 aerem
514 1916 699 1991 illustravit,-
726 1928 852 2001 accepto
874 1919 977 2000 liqneo
994 1919 1127 2001 pqcide,
1148 1918 1237 1982 nolis
1254 1919 1397 1983 omnibns

220 2028 352 2092 ostendit
370 2026 488 2108 lapillos
506 2028 542 2091 in
565 2045 603 2090 ea
624 2037 796 2103 contentos,
816 2037 853 2092 ut
869 2030 1057 2103 videremus,
1076 2046 1120 2091 an
1139 2029 1237 2093 lucem
1258 2029 1397 2110 aliquam

221 2134 386 2200 Miscent:
416 2136 551 2200 ostendit
574 2144 681 2200 antem
702 2137 769 2202 illos
787 2141 929 2222 primum
945 2142 980 2202 in
1000 2139 1081 2214 lnce,
1099 2157 1231 2204 accenso
1254 2139 1397 2209 candela:

223 2248 365 2326 deinceps
381 2264 455 2310 nero
468 2248 505 2309 in
520 2246 666 2321 tenebris,
680 2249 765 2312 nullo
779 2249 913 2312 admisso
929 2249 1055 2313 lumine.
1070 2248 1210 2332 Cumque
1223 2252 1398 2332 fateremur

223 2372 345 2428 omnes,
364 2355 487 2419 nullum
503 2359 585 2439 ipsos*
605 2359 717 2424 dolere
741 2361 859 2433 lamen,
879 2361 1020 2441 resposita
1037 2370 1130 2423 extra
1147 2362 1317 2441 fenestram
1334 2379 1398 2442 pq-

222 2465 312 2538 eide,
328 2467 374 2529 ita
391 2473 427 2528 ut
442 2465 557 2530 lumine
571 2468 622 2533 illo
636 2488 701 2534 non
715 2471 891 2543 raddonem,
908 2470 990 2551 quod
1004 2471 1194 2552 qmmarium
1208 2470 1331 2543 dicunt,
1345 2471 1399 2532 sed
1434 2518 1436 2522 .

220 2575 314 2640 anolo
332 2576 434 2640 aduae
451 2585 545 2659 utque
567 2581 698 2662 ancipiti
714 2582 813 2662 ipsius
832 2579 1019 2661 crepusculi,
1039 2587 1069 2642 et
1086 2579 1285 2651 secundario,
1305 2578 1395 2660 quale

219 2686 256 2748 in
268 2655 392 2779 lyndrie
407 2703 471 2749 esse
489 2692 663 2764 consuevit,
680 2689 776 2772 lapilli
794 2689 1047 2763 illustrarentur5
1060 2697 1131 2770 post
1147 2690 1300 2769 eciquum
1319 2696 1396 2750 tem

151 2776 157 2787 ’
179 2768 303 2878 'noris
321 2799 474 2879 spatium,
493 2815 625 2863 rursum
652 2799 761 2864 clauso
787 2801 929 2881 fenestra
946 2816 983 2862 ac
1002 2799 1088 2863 nollo
1107 2798 1243 2862 menneo
1262 2798 1393 2866 lumine.

219 2909 255 2970 in
269 2909 367 3002 enema
385 2900 520 2999 tenebris
537 2919 736 2974 coruscantes
754 2919 849 2991 atque
869 2909 985 2974 lucidos
1005 2909 1123 2990 lapillos
1141 2907 1231 2971 nolis
1248 2907 1394 2979 ostendit,

220 3016 305 3081 nudo
317 3001 439 3082 'ardore
466 3028 613 3102 concepta
635 3029 693 3083 ant
720 3028 844 3083 retento
863 3018 942 3092 lnce,
962 3036 1049 3099 aque
1066 3034 1104 3080 ac
1122 3033 1260 3080 accensa
1280 3031 1395 3095 pruna

220 3129 257 3190 in
275 3126 409 3208 tenebris
424 3127 545 3210 [ulqem
561 3137 807 3194 consueverant:
825 3130 906 3192 nanc
932 3145 1005 3191 nero
1023 3126 1161 3189 camdem
1180 3125 1277 3188 lucem
1296 3122 1397 3207 (quod

217 3236 397 3302 mirabilieis
412 3237 653 3322 sethonlotim
675 3241 838 3321 lonquerc,
858 3256 896 3302 ac
919 3235 1043 3299 tandem
1065 3250 1247 3297 evanescere
1268 3232 1396 3297 aldeba-
1438 3254 1441 3261 ¹

217 3365 308 3422 mnes
324 3366 365 3412 etc
382 3348 497 3430 quitus
514 3350 615 3414 multa
632 3350 856 3414 deducebamus
876 3354 1077 3429 arqnmenta‚
1095 3346 1230 3410 inuicem
1243 3360 1397 3426 quqnnn-

217 3459 273 3522 tia.
292 3454 333 3521 Si
349 3459 464 3522 etenim
492 3458 549 3523 lna
578 3468 622 3523 est
650 3460 802 3541 qualitas,
819 3467 847 3522 et
866 3457 1002 3540 qualitas
1025 3458 1224 3535 incorporeo,
1243 3463 1279 3518 ut
1292 3462 1393 3536 patet,

215 3567 475 3649 quotnodocertis
487 3571 796 3635 lerninisalanditur
806 3578 836 3634 et
846 3565 1132 3634 circumscribitur?
1142 3564 1225 3645 qnod
1231 3566 1398 3645 proprium
1457 3643 1461 3650 Ι

214 3685 259 3742 est
279 3677 479 3755 snbstantia3
504 3688 563 3743 aut
584 3682 612 3744 si
634 3683 777 3764 competit
796 3679 955 3762 qualitati,
985 3695 1051 3741 non
1079 3675 1220 3756 competit
1248 3673 1395 3754 qualitati
1449 3661 1464 3757 J

214 3806 284 3869 qua
308 3788 448 3868 corporis
470 3789 698 3854 conditionibus
728 3808 792 3855 nan
823 3796 961 3862 tenetur,
990 3782 1166 3867 cujusmodi
1196 3798 1259 3843 esse
1290 3781 1394 3842 lumen

214 3899 380 3980 manifeste
398 3898 543 3963 omnibus
561 3909 605 3963 est
623 3908 829 3981 compertum:
848 3899 1004 3980 quinimo,
1023 3896 1052 3957 ei
1071 3893 1173 3955 lumen
1193 3891 1329 3971 qualitas
1349 3899 1392 3952 est

214 4007 260 4069 ita
278 4025 300 4070 a
317 4025 447 4088 corpore
476 4010 575 4074 lucido
604 4013 639 4074 in
663 4010 855 4092 diophanum
869 4007 1036 4089 producta,
1056 4012 1091 4066 ut
1108 4021 1129 4066 a
1146 4018 1272 4083 corpore
1293 3998 1393 4063 lacida

209 4116 359 4196 pendeat,
378 4119 637 4199 quemadmodum
651 4122 712 4185 dici
726 4119 813 4192 solet,
830 4136 894 4182 non
909 4116 997 4180 modo
1016 4117 1051 4178 in
1068 4115 1149 4197 fieri,
1169 4129 1279 4177 oerum
1298 4111 1392 4173 etiam
1431 4131 1437 4144 *

215 4227 250 4290 in
267 4230 448 4294 conservari
467 4227 606 4314 (tamdiu
623 4234 708 4296 enim
720 4234 754 4315 fit
772 4236 801 4293 et
816 4233 978 4309 qemaanet
1001 4224 1120 4297 lumen,
1139 4220 1292 4304 quamdiu
1307 4235 1392 4300 pra-

213 4339 316 4402 sentia
336 4342 473 4424 corporis
497 4341 592 4407 lucidi
620 4346 655 4408 in
679 4342 844 4425 perspicuo
872 4337 1030 4422 reperitur
1037 4333 1069 4419 )‚·
1086 4334 1250 4416 quomodo,
1274 4335 1390 4396 remoto

214 4463 340 4528 corpore
358 4451 474 4525 lucido,
493 4461 522 4516 et
540 4454 687 4535 fenestris
704 4453 818 4518 clateris
837 4467 874 4514 ac
893 4447 1076 4519 observatis,
1097 4445 1168 4523 lesa,
1187 4449 1249 4512 sice
1270 4443 1386 4504 nemen,
