3096 5154
415 359 453 404 Αι
471 356 616 404 orscoaso
638 357 668 402 or
684 355 797 404 orosto
820 357 937 404 aaaron
960 360 999 404 sn
1023 359 1124 405 anuas
1291 340 1355 407 367

177 496 219 562 nb
250 494 325 559 coll’
346 494 529 570 intonato,
562 511 655 558 come
690 499 785 558 avete
816 494 872 558 voi
904 495 988 560 ialto
1019 512 1039 558 a
1074 510 1168 576 sapor
1197 495 1257 559 cho
1288 512 1355 560 non

181 603 308 670 sidia?

263 712 379 778 XXVI.
399 710 472 778 Non
490 712 633 793 intelliqit
651 715 736 777 banc
753 721 874 778 matum
891 732 913 777 a
929 714 1103 779 vibratione
1125 714 1251 779 alarum
1267 718 1356 779 oriri.

263 822 395 888 xxvu.
425 819 602 886 Admodum
626 822 757 904 puerilis
787 822 899 897 illatio‚·
925 825 954 886 si
981 822 1076 888 Luna
1105 833 1150 888 est
1178 832 1356 898 marituma,
1451 915 1456 923 Ι

177 952 249 1016 erqo
266 934 368 998 altera
399 930 517 996 Terra:
538 949 734 1013 erquerico
748 949 814 997 uno
843 935 1001 998 communi
1018 934 1170 998 accidenti
1195 935 1360 998 essentiam

176 1046 233 1117 rei,
251 1045 380 1108 omnino
398 1051 443 1105 cst
460 1041 646 1106 ridiculam:
664 1042 746 1123 quod
763 1044 791 1106 si
807 1060 848 1106 ca
865 1046 969 1126 fiqura
989 1045 1110 1126 inferre
1132 1044 1237 1108 liceret
1254 1061 1360 1109 etsen-

177 1157 256 1218 tiam
272 1154 333 1227 rei,
347 1153 418 1234 iam
431 1169 491 1233 pcr
508 1153 591 1233 ipsos
616 1151 708 1215 stella
737 1169 842 1216 omncs
871 1161 973 1216 essent
995 1150 1095 1225 Soles,
1117 1155 1195 1234 quia
1215 1154 1360 1219 rotando

177 1281 300 1337 omncs:
316 1265 459 1345 quinimo
476 1271 506 1326 et
523 1264 593 1344 ipsa
615 1261 730 1336 Terra,
760 1280 832 1326 eum
854 1263 975 1345 etipsa
1002 1264 1154 1344 spbarico
1171 1265 1222 1328 sit.
1251 1261 1359 1346 Neque

179 1374 264 1438 dieas
286 1372 418 1437 Terram
435 1390 456 1436 a
474 1370 546 1437 Sole
563 1372 612 1437 acl
628 1371 722 1436 Luna
740 1371 865 1455 differre
884 1375 961 1453 qaia
978 1389 1091 1453 aspera
1113 1381 1170 1445 est,
1190 1372 1236 1437 illi
1253 1381 1361 1439 autern

179 1483 274 1557 leues:
292 1500 369 1546 nam
385 1485 485 1564 maqis
503 1482 672 1564 turlanda
690 1490 735 1546 ert
753 1481 868 1556 totalis,
892 1485 995 1565 fiqura
1016 1499 1113 1564 quarn
1142 1483 1265 1564 eoiquo
1280 1501 1361 1565 par-

177 1593 296 1666 ticulo:
324 1598 354 1656 et
382 1593 428 1656 ric
456 1592 547 1657 bomo
574 1593 674 1656 uariis
703 1609 801 1656 casus
832 1592 1029 1657 cicatricibus
1057 1592 1097 1657 ab
1122 1593 1219 1658 altero
1238 1596 1361 1658 bomine

177 1720 243 1766 non
261 1700 380 1785 differt,
400 1704 478 1784 quia
496 1704 531 1766 in
549 1703 637 1767 totali
655 1705 758 1786 fiqura
772 1703 928 1775 convenit,
942 1702 996 1766 scd
1010 1701 1085 1766 benc
1099 1703 1203 1786 differt
1216 1703 1256 1767 ab
1271 1721 1361 1785 equo,

178 1812 254 1894 quia
270 1813 375 1894 fiqara
392 1811 555 1893 inlcqralis
573 1813 640 1893 ejus
659 1812 699 1875 ab
717 1811 783 1877 alia
798 1810 912 1895 differt.
1408 1792 1410 1796 ¹

264 1920 411 1985 XXVIII.
436 1921 590 2003 Cuperem
611 1921 651 1985 ab
673 1923 805 1986 autborc
832 1921 1018 2002 intelliqere,
1048 1940 1196 2005 quonam
1220 1933 1362 2006 ponatur

178 2046 247 2096 ase
265 2031 445 2115 differentia
468 2033 553 2096 inter
569 2032 754 2113 asperitates
784 2048 821 2095 ac
850 2031 961 2096 tubera
991 2030 1095 2097 Terra
1122 2041 1152 2096 et
1179 2043 1313 2107 montes,
1332 2041 1362 2096 ct

178 2141 312 2224 amplius
329 2144 414 2206 inter
431 2133 537 2224 partes
556 2142 714 2224 &messos
733 2149 763 2205 et
779 2140 883 2206 calles.

269 2250 388 2315 XXIX.
405 2249 471 2324 Ea,
489 2270 559 2333 quo
579 2270 644 2316 non
666 2260 761 2325 sunt,
778 2249 890 2316 babere
907 2254 1081 2333 potentiam
1102 2253 1145 2316 ad
1165 2272 1239 2328 esso,
1257 2256 1362 2336 inopi-

182 2359 285 2424 nabile
313 2369 342 2424 et
369 2361 553 2442 impartibile
577 2361 698 2434 uideor:
728 2378 804 2426 nam
831 2380 901 2443 quo
927 2378 992 2426 non
1013 2371 1101 2435 sunt,
1124 2363 1219 2428 nullo
1241 2366 1361 2430 nebunt

182 2470 370 2554 affectiones.

270 2582 374 2648 XXX.
403 2582 620 2649 Examinetur
651 2583 806 2665 namquid
829 2600 889 2664 per
911 2585 1066 2664 pauciora
1097 2582 1247 2646 reddatur
1279 2585 1362 2648 ratio

180 2693 292 2757 borum
306 2694 561 2775 pbanomenbm
580 2703 609 2758 et
627 2713 713 2776 oque
730 2693 814 2757 bene.

267 2804 385 2868 XXXI.
407 2804 536 2868 Videtur
550 2814 772 2887 contraponerc
788 2803 925 2869 lucidam
939 2822 1045 2887 opaco,
1058 2823 1131 2870 cum
1145 2814 1249 2869 tamen
1261 2804 1362 2869 lucido

180 2912 360 2987 obscurum,
380 2931 476 2995 opaco
493 2922 601 2978 aatcm
618 2914 812 2996 diapbanum
830 2925 1038 2996 opponantur.

269 3023 404 3087 XXXII.
424 3020 551 3087 Aatbor
568 3041 632 3087 non
644 3023 956 3104 uidetarintclliqere,
973 3042 1120 3105 quonam
1135 3027 1176 3087 sit
1192 3026 1361 3105 suppositio

183 3133 252 3214 ejus
277 3135 360 3215 quod
385 3137 519 3217 petitur,·
544 3152 643 3216 quare
671 3133 828 3215 aliquibus
848 3133 995 3215 exemplis
1025 3132 1208 3196 declaretur.
1233 3132 1270 3196 Ut
1289 3150 1361 3197 cam

182 3239 362 3308 Aristoteles
385 3247 507 3327 quierit,
527 3264 585 3310 cur
613 3252 716 3308 motas
737 3243 812 3307 culi
829 3245 870 3306 rit
888 3242 928 3306 ab
949 3251 1023 3306 orta
1045 3244 1080 3305 in
1102 3260 1262 3307 occasum:
1284 3245 1361 3325 quia

182 3350 295 3416 cellen
309 3370 387 3435 part
407 3353 484 3418 Goeli
501 3354 666 3418 orientalis
689 3361 733 3417 est
758 3353 904 3417 deutera:
932 3370 990 3416 car
1018 3360 1125 3416 autem
1146 3361 1191 3418 est
1212 3353 1361 3419 dectua?

180 3463 259 3544 quia
276 3471 378 3527 nutus
396 3463 436 3528 ab
454 3464 517 3528 illa.
536 3463 645 3529 Multa·
659 3463 725 3528 alia
741 3464 907 3547 afferemus
926 3463 1075 3545 exempta.

270 3569 363 3649 Quod
391 3591 456 3639 non
485 3583 637 3657 appareat
665 3574 814 3648 dentata,
848 3582 1017 3638 causaest
1043 3577 1121 3656 qaia
1152 3575 1258 3640 multa
1284 3583 1361 3640 sant

177 3685 334 3748 montium
356 3687 468 3760 uesieu·
485 3687 569 3768 quod
585 3695 693 3750 autem
720 3685 826 3750 multo
856 3687 920 3749 sint
946 3686 1054 3759 rencs,
1073 3703 1138 3749 non
1158 3688 1298 3769 infertur
1319 3704 1361 3750 ecs

177 3811 213 3857 eo
230 3795 314 3875 qaod
330 3813 396 3860 non
413 3805 565 3878 appareat
578 3796 706 3861 dentata
721 3797 738 3881 (
747 3805 821 3861 tune
839 3797 924 3861 enim
941 3803 1016 3859 esset
1039 3813 1210 3877 supponere
1228 3797 1262 3860 id
1278 3796 1362 3878 quod

178 3904 363 3991 quaritur),
386 3908 439 3970 sed
466 3909 544 3989 quia
571 3909 607 3971 in
636 3908 760 3989 reliqua
781 3905 881 3971 Lana
904 3907 1062 3988 superficie
1091 3908 1255 3988 confertim
1284 3915 1361 3969 sunt

177 4025 297 4079 montes
315 4016 470 4100 dispositi:
492 4020 574 4083 banc
593 4027 700 4082 autem
721 4018 988 4081 coordinationem
1007 4015 1147 4079 consulto
1161 4034 1225 4079 non
1243 4024 1287 4079 est
1301 4034 1360 4079 ne-

179 4128 356 4200 eessariam,
372 4137 422 4191 sat
437 4131 520 4192 enirn
531 4139 576 4193 est
586 4140 620 4194 at
633 4148 709 4194 eoru
723 4130 787 4193 sint
796 4135 914 4191 montes
928 4125 1078 4207 dispositi,
1095 4133 1131 4188 at
1142 4125 1240 4190 maris
1256 4125 1359 4189 undo.

266 4235 417 4302 XXXIII.
451 4239 523 4303 Vide
554 4259 592 4304 ne
622 4242 717 4304 etiarn
742 4239 784 4302 ad
811 4234 914 4301 Solem
944 4253 1042 4318 usqae
1071 4235 1267 4301 attollantur.
1298 4234 1359 4299 Sed

179 4349 249 4429 quis
283 4349 338 4414 tibi
356 4350 454 4424 dicit,
474 4369 521 4415 me
544 4353 714 4434 affirmasse
737 4365 864 4432 vapores
884 4348 969 4412 circa
991 4345 1116 4413 Lanam
1147 4347 1265 4413 eosdem
1294 4360 1357 4409 esse

178 4475 215 4521 ae
234 4460 320 4524 eirca
342 4459 494 4526 Terram?
