3096 5154
499 371 537 417 on
561 368 766 417 summamus
790 368 819 414 m
842 367 921 415 osse
945 368 1032 414 surm
1249 440 1252 442 v
1284 348 1351 416 303

179 517 239 573 met
264 505 434 572 Aristotilis
458 505 666 587 desumptum,
691 504 746 568 ubi
768 506 892 577 statuit,
913 504 1047 568 calorem
1064 503 1188 567 sitalem
1206 512 1234 566 et
1251 505 1356 585 pipni-

178 621 292 693 ticum,
309 635 375 682 nan
391 616 481 681 modo
498 617 555 698 pui
571 614 813 680 inanimalibus
831 623 876 678 est
893 623 922 678 et
938 613 1124 687 seminibus,
1139 616 1357 678 verumetiam

177 730 233 811 qui
244 729 281 793 in
291 729 513 799 excrementis,
528 743 591 790 esse
601 725 733 799 caleste,
745 735 774 788 et
785 742 895 806 corpus
907 724 1051 788 diuinum
1057 725 1266 806 participaret
1275 726 1356 787 lunc

177 853 251 903 osso
277 836 389 901 ardere
417 845 512 918 atque
541 853 648 908 urere,
664 843 693 898 et
710 835 839 898 osnnino
858 834 1000 898 eumdem
1015 836 1113 916 speeie
1128 851 1192 898 esse
1209 852 1282 898 cum
1297 833 1360 897 ele·

176 948 314 1011 mentori
332 947 418 1027 ipne,
438 947 580 1026 quinimo
597 944 816 1014 elementarem
833 945 998 1025 ipsummet
1015 944 1120 1025 ipnem
1136 942 1238 1008 multa
1255 953 1285 1008 et
1307 946 1361 1008 in·

177 1055 384 1140 reirapabilia
401 1057 617 1137 coperimento
633 1054 862 1128 ostendereres
872 1053 989 1134 quibus
1003 1055 1148 1135 sequitur
1165 1051 1283 1117 Colum
1297 1070 1361 1117 esse

178 1168 325 1247 ipneurn:
339 1165 505 1247 respondeo
517 1167 634 1247 primo,
658 1182 729 1229 cnm
748 1161 912 1228 Aristotele
937 1161 958 1228 3
980 1163 1016 1226 sle
1039 1181 1109 1244 pen.
1128 1165 1228 1239 anim.
1245 1180 1313 1244 eap.
1328 1163 1360 1236 2,

180 1273 315 1339 oalorem
332 1273 482 1339 calestem
500 1272 625 1357 (quem,
644 1275 680 1338 in
702 1273 837 1338 seeundo
866 1273 901 1336 sle
929 1293 999 1354 pen.
1023 1275 1121 1336 anim.
1150 1275 1362 1355 suprascripto

181 1401 251 1466 cap.
270 1381 300 1456 3,
319 1383 444 1448 dixerat
460 1392 577 1448 cuncta
593 1401 759 1466 penerare,
778 1402 878 1466 nepus
901 1383 1116 1447 elementarem
1137 1401 1215 1456 esse,
1239 1383 1292 1447 secl
1312 1382 1363 1448 as·-

181 1495 295 1558 oinum
329 1510 441 1574 eorpus
469 1494 685 1575 participare,
718 1501 748 1557 et
775 1495 975 1575 proportione
1002 1493 1187 1574 respondere
1216 1493 1363 1557 elenunto

180 1601 361 1688 stellarum)
392 1620 456 1667 esse
480 1621 539 1686 per
556 1603 664 1667 omniu
686 1601 876 1666 sublunaria
895 1601 1043 1666 elementa
1062 1601 1228 1682 diffusum,
1248 1604 1295 1666 ita
1314 1611 1365 1665 ta-

180 1729 272 1787 men,
302 1721 340 1776 ut
373 1714 511 1778 uicinius
543 1710 624 1776 Calo
654 1730 766 1794 corpus
799 1730 834 1776 eo
862 1714 961 1793 mapis
986 1712 1152 1792 participet
1189 1729 1286 1793 quam
1310 1729 1364 1776 re-

182 1823 331 1896 motiora,
349 1830 445 1903 atque
463 1822 536 1886 inde
553 1821 776 1887 remotioribus
794 1824 1056 1886 communicetur:
1074 1821 1158 1902 puori
1178 1823 1365 1905 sipniieaoit

181 1928 361 1997 Aristoteles
375 1931 527 2014 praelieto
543 1931 620 2004 loco,
637 1933 727 1997 tertio
746 1932 782 1995 ele
799 1949 868 2013 pen.
887 1933 999 2004 anim..
1018 1932 1066 1994 isis
1085 1930 1202 1996 uerbis:
1223 1952 1240 1993 n
1262 1927 1365 1995 Gene-

182 2053 339 2121 sranius
356 2051 465 2107 autern
483 2043 520 2106 in
541 2040 647 2106 Terra
665 2044 794 2107 lumore
816 2041 970 2106 animalia
999 2050 1028 2105 et
1054 2041 1187 2123 plantas
1214 2042 1365 2123 quoniam

185 2175 205 2215 s
225 2154 337 2217 bumor
354 2155 391 2217 in
411 2150 527 2225 Terra,
546 2154 674 2233 spiritus
692 2155 728 2217 in
742 2155 883 2224 bumore,
899 2151 983 2216 calor
997 2151 1144 2215 animalis
1159 2153 1194 2215 in
1215 2151 1363 2216 Universa

187 2283 207 2323 s
226 2269 286 2326 est:
314 2262 364 2325 ita
390 2269 427 2324 ut
448 2262 582 2343 quodam
603 2262 691 2326 modo
710 2261 805 2344 plenu
820 2263 884 2325 sint
897 2264 1012 2325 anima
1029 2263 1146 2324 omnia.
1166 2285 1184 2322 u
1205 2259 1363 2334 Seounslo,

184 2369 357 2452 respondeo
382 2389 453 2435 eum
475 2369 658 2437 succusso
677 2370 891 2452 Apbrobisao,
910 2372 966 2452 qui
984 2372 1047 2456 isoee
1066 2370 1171 2433 entem
1187 2372 1292 2452 [usius
1310 2371 1365 2439 de·

184 2481 318 2547 claraoit
335 2479 405 2546 libr.
422 2479 444 2544 s
462 2489 569 2564 quast.
588 2489 697 2546 natur.
716 2499 783 2562 cop.
804 2477 836 2544 3.·
855 2479 924 2553 nbi,
942 2498 1015 2544 cum
1028 2480 1240 2561 proposuisset
1255 2479 1364 2553 dicere,

183 2607 366 2673 puanama
382 2599 471 2656 matu
487 2592 586 2656 (livini
606 2593 742 2674 eorporis
761 2593 865 2656 uicino
882 2589 954 2664 sibi,
975 2589 1168 2671 eornsptibili
1185 2597 1215 2653 et
1232 2608 1366 2671 penora·

182 2701 251 2775 bili,
269 2703 393 2784 corpori
417 2703 561 2784 imponito
586 2706 632 2768 uis
660 2703 883 2786 participetur:
909 2703 1020 2783 paucis
1047 2701 1218 2782 interpretis
1247 2699 1362 2773 uerbis,

181 2829 274 2877 suam
293 2813 483 2877 sententiam
504 2813 604 2879 dicere
622 2831 801 2896 oppressus,
818 2815 881 2877 bac
899 2813 1053 2894 inquitet
1075 2810 1129 2876 An
1147 2814 1241 2876 etiam
1255 2830 1311 2893 per
1325 2811 1365 2875 il-

184 2942 203 2983 s
222 2919 286 2985 ton
304 2919 437 3006 (scilicet
453 2923 604 2988 uirtutem
619 2922 787 3008 calestem)
806 2932 851 2988 est
868 2931 942 2989 actu
959 2923 1154 3004 buiusmosiu
1170 2930 1198 2986 ct
1210 2924 1265 2986 boc
1272 2931 1366 3004 pacto

186 3051 206 3091 s
224 3031 285 3094 erit
308 3032 450 3112 primum
473 3034 672 3116 participans
690 3035 773 3115 ipnis
789 3035 853 3115 ipse
872 3033 965 3097 lolem
983 3051 1024 3097 esc
1042 3033 1149 3096 ‹lioino
1167 3051 1292 3114 corpore
1305 3048 1366 3114 po-

186 3162 206 3201 »
226 3143 371 3206 unium:
386 3141 497 3208 metae
511 3143 736 3226 posterioribus
755 3146 857 3227 ipsam
886 3143 1092 3218 distribuens,
1119 3144 1167 3207 ita
1196 3151 1232 3206 ut
1259 3145 1365 3207 omnia

187 3270 206 3311 s
219 3265 353 3331 corpora
363 3251 418 3316 tali
429 3253 647 3319 distributione
666 3256 766 3336 ipsam
780 3255 984 3336 participent,
1003 3251 1058 3318 illa
1072 3253 1198 3334 quidem
1206 3253 1289 3337 plen,
1301 3255 1365 3317 lae

187 3381 207 3421 s
226 3362 425 3428 besontinus.
444 3385 462 3425 n
481 3361 526 3426 Et
543 3365 651 3458 infra,
662 3364 759 3446 paulo
774 3373 848 3428 ante
866 3363 1031 3428 dimidium
1053 3366 1178 3446 eapitis,
1201 3365 1364 3430 declarans

183 3469 338 3552 quomodo
354 3473 457 3537 mixta
475 3474 687 3538 inclementis
706 3475 787 3538 lane
809 3473 951 3538 diuinam
969 3475 1142 3554 potentiam
1161 3476 1364 3556 participent.

183 3582 299 3662 inquit.
316 3602 335 3643 e
353 3578 401 3645 Ob
414 3600 511 3664 quam
521 3585 709 3664 potentiam,
725 3602 789 3649 non
805 3585 879 3648 item
897 3583 1011 3648 babent
1029 3584 1092 3648 bae
1106 3585 1301 3665 principium
1314 3600 1365 3647 so·

184 3711 204 3752 s
224 3689 290 3754 lum
306 3693 343 3755 in
357 3709 390 3756 ss
407 3694 484 3774 ipsis
501 3701 603 3758 motus
622 3693 664 3758 acl
681 3712 774 3776 quem
790 3694 963 3768 inclinant,
980 3695 1034 3758 sed
1059 3693 1214 3775 quoddam
1242 3712 1364 3775 quoque

183 3800 208 3862 si
222 3801 448 3866 animasticum
468 3805 665 3885 principium
691 3813 943 3887 assumpserunt,
974 3804 1058 3885 quob
1082 3811 1111 3866 et
1133 3806 1365 3883 peneratiouem

184 3933 204 3972 s
224 3910 315 3975 babet
332 3928 355 3975 a
372 3911 481 3978 moino
494 3915 653 3994 potentia:
671 3932 742 3994 oua
760 3924 925 3980 naturaei
942 3916 1066 3989 animo,
1081 3932 1139 3996 per
1157 3917 1365 3995 quantitatem

186 4043 205 4082 s
222 4021 415 4105 simpliciam
431 4040 609 4105 corporum,
628 4042 669 4088 eo
687 4024 801 4106 quibus
817 4035 862 4089 est
880 4025 997 4088 babens
1012 4027 1113 4106 ipsam
1135 4040 1260 4104 corpus,
1284 4042 1364 4105 puo-

185 4153 205 4192 s
223 4149 297 4196 nun
313 4131 392 4196 illua
408 4133 533 4216 quidem
550 4137 652 4216 napis
671 4137 879 4200 communicat
893 4136 1003 4201 licina
1016 4137 1172 4217 potentia,
1196 4135 1273 4216 quia
1287 4153 1364 4216 pro-

186 4262 207 4300 »
224 4243 379 4324 pinputus
398 4253 444 4309 est
466 4245 573 4312 moino
591 4247 727 4328 corpori,
746 4255 775 4310 et
785 4256 829 4311 est
840 4247 1039 4313 subtiliorum
1046 4248 1189 4328 partium
1202 4254 1231 4311 et
1237 4247 1362 4328 purius

186 4372 206 4409 o
227 4350 281 4414 boe
307 4372 380 4419 cero
409 4356 532 4430 minus,
559 4366 684 4439 propter
705 4359 856 4439 majorem
878 4358 1063 4423 distantiam
1083 4366 1112 4420 et
1130 4354 1362 4423 constitutionis

185 4483 206 4520 u
230 4464 415 4540 crassitiem,
434 4466 559 4533 ‹lioerso
577 4475 606 4531 et
628 4469 696 4548 ipsa
713 4472 755 4552 fit.
779 4465 990 4552 Quacumque
1018 4471 1102 4534 enim
1128 4465 1361 4546 compositorum
