3096 5154
508 376 547 423 os
570 373 777 424 odorantis
800 376 829 423 ut
852 375 932 423 onos
956 377 1043 423 tons
1296 362 1361 426 275

183 513 316 581 bundam
344 529 436 577 suam
463 517 665 586 sententiam,
695 514 797 576 adbuc
828 510 905 577 illud
932 512 1151 594 expendemus.
1174 512 1261 577 Dicit
1281 517 1359 596 ipse,

182 625 299 689 calum
314 625 471 688 stellatum
490 640 553 686 esse
572 623 678 687 debere
697 621 865 696 immobile,
884 640 926 686 ea
943 622 1082 704 ejusdem
1093 621 1267 687 Aristotelis
1275 641 1361 704 pru-

180 737 286 818 eeptis,
304 735 435 798 sumsit
454 733 538 797 loeru
555 735 711 805 omnium,-
729 732 786 796 loei
797 734 881 795 enim
892 731 1041 804 conditio,
1053 733 1167 813 ineius
1179 731 1363 813 diffinitione

179 845 220 911 ab
231 842 398 910 Aristotele
412 845 590 924 assipnata,
604 850 649 906 est
668 850 704 906 ut
718 845 758 906 sit
770 840 950 905 immobilis:
961 840 1044 922 quod
1052 849 1276 922 orpumeutum
1286 843 1362 905 satis

177 954 298 1037 puerile
316 961 373 1016 est.
391 951 475 1018 Nam
491 951 689 1016 immobilitas
709 953 848 1015 sumitur
859 969 955 1032 penes
970 953 1067 1014 situm
1077 958 1170 1031 atque
1179 951 1362 1031 positionem

178 1065 289 1137 totius,
319 1081 384 1126 uon
410 1062 568 1143 partium,⁰
596 1061 689 1134 olias,
713 1079 813 1142 neque
837 1062 1001 1142 manipium
1017 1068 1094 1123 esset
1112 1062 1148 1123 in
1164 1060 1260 1142 tluoio
1280 1067 1362 1122 tam-

147 1258 154 1268 ·
180 1190 279 1254 quam
294 1174 331 1236 in
349 1171 427 1244 loco,
445 1188 517 1234 cum
534 1171 601 1252 eius
620 1171 714 1234 unda
736 1173 783 1234 ita
806 1171 956 1234 continuo
984 1171 1104 1252 (luant,-
1133 1187 1233 1251 neque
1263 1169 1363 1233 ullum

174 1299 295 1362 eorpus
313 1281 523 1345 contineretur
540 1297 625 1353 aere,
645 1287 807 1361 tamquam
826 1284 902 1354 loco,
923 1298 995 1344 cum
1012 1280 1096 1343 aeris
1114 1288 1222 1360 partes
1244 1299 1363 1361 semper

180 1408 272 1454 noea
299 1389 477 1455 succedunt:
505 1388 588 1470 puod
616 1389 697 1453 idem
725 1399 772 1452 eet
800 1392 836 1454 in
858 1391 968 1455 ultimo
989 1389 1083 1461 Calo,
1101 1391 1246 1471 quinimo
1263 1390 1363 1453 solum

182 1499 314 1573 Culum,
332 1515 419 1570 uere,
437 1497 528 1562 babet
541 1499 700 1562 rationem
718 1502 856 1581 corporis
876 1501 1064 1564 continentis
1087 1499 1267 1573 immobilis,
1291 1517 1362 1564 eum

180 1627 247 1675 non
268 1609 370 1690 possit
398 1609 496 1671 situm
522 1615 661 1682 millars,
685 1617 715 1671 et
737 1609 876 1672 eamdem
892 1627 1013 1689 semper
1030 1608 1142 1672 babeat
1160 1609 1202 1672 ad
1219 1617 1363 1673 centrum

177 1719 372 1800 positionem.
389 1713 523 1779 Abunde
545 1717 644 1797 ipitur
673 1715 729 1800 (ni
756 1716 868 1802 sudor)
898 1727 1109 1782 monstratum
1139 1726 1199 1793 eet,
1231 1717 1360 1799 Orphei,

182 1826 340 1900 Potniai,
351 1825 506 1891 Heracliti
523 1833 552 1889 et
574 1824 697 1891 Nicolai
722 1825 886 1908 Coperniei
902 1830 1090 1891 sententiam
1106 1829 1221 1909 salsam
1238 1845 1303 1890 esse
1333 1836 1361 1889 et

181 1935 414 2018 impossibilem:
432 1953 549 2017 quare,
568 1955 668 2018 nepus
687 1938 800 2001 borum
818 1936 1061 2018 pbonomenbm
1082 1955 1194 2002 causas
1216 1938 1260 2000 od
1281 1940 1361 2000 banc

180 2048 366 2112 sementiam
378 2063 467 2128 posse
486 2050 640 2120 reuocari,
660 2056 696 2111 ut
713 2046 886 2129 aliquibus,
909 2048 1016 2112 miuus
1039 2056 1119 2111 recte
1139 2046 1362 2128 pbilosopban-

181 2157 280 2232 tibus,
296 2159 428 2239 sortasse
445 2155 547 2221 rideri
561 2165 674 2254 posset.

676 2468 753 2534 Gir.
775 2468 859 2532 vltl.

286 2685 450 2752 Democriti
465 2688 580 2770 opinio,
596 2688 677 2768 quod
698 2689 801 2768 plures
817 2687 876 2750 sint
892 2685 1008 2760 Mundi,
1025 2685 1064 2746 ad
1081 2702 1176 2764 quam
1194 2685 1260 2746 hoec

327 2789 534 2853 phoenomena
549 2789 658 2852 reterri
674 2789 800 2869 possint,
816 2788 964 2850 recitatur
979 2792 1010 2849 ol
1025 2788 1211 2850 contutatur.

275 3047 401 3122 Verum,
413 3049 713 3131 puiapossetodlluc
732 3048 847 3130 aliquis
866 3048 944 3120 bac,
957 3064 1027 3128 quo
1045 3047 1081 3108 in
1094 3043 1189 3108 Luna
1200 3044 1360 3113 violemur,

182 3172 261 3220 ocra
278 3158 470 3232 emiuimare,
483 3166 582 3240 prout
600 3160 636 3220 in
659 3155 759 3222 Terra
776 3165 869 3231 sunt:
889 3165 1044 3228 statuens,
1075 3153 1188 3216 multos
1211 3169 1273 3216 esse
1297 3160 1363 3215 ter-

181 3273 297 3330 restree
314 3265 428 3347 ploboe,
446 3269 518 3332 buia
537 3275 644 3332 nostro
658 3266 828 3339 adsimiles,
848 3274 877 3329 et
894 3264 1006 3329 multos
1025 3263 1179 3335 Mandas,
1196 3254 1232 3325 ut
1245 3260 1363 3324 Demo-

178 3377 284 3441 critus
311 3377 479 3451 statuebat,
510 3386 538 3441 et
557 3385 592 3441 ut
612 3375 762 3459 Keplerus
776 3377 907 3457 iocatur
924 3377 960 3438 in
979 3392 1039 3439 sua
1056 3373 1274 3438 dissertatione
1291 3388 1363 3434 eum

180 3482 320 3568 Sydereo
342 3484 478 3560 Nuntia,
496 3495 650 3552 recentem
667 3496 828 3551 auctorem
846 3486 989 3549 damnati
1008 3484 1144 3548 nominis
1168 3490 1197 3545 et
1221 3481 1289 3561 ejus
1311 3481 1364 3543 in·

178 3598 307 3660 soniam
333 3595 457 3661 ridens:
487 3616 551 3661 non
575 3600 647 3672 erit,
666 3607 847 3680 propterea,
866 3596 1019 3660 absonum
1037 3600 1066 3657 et
1086 3594 1168 3656 banc
1186 3591 1365 3671 opinionem

179 3705 366 3787 supendere,
386 3714 422 3770 ut
438 3707 527 3789 [acta
544 3709 723 3782 inductione
749 3728 807 3792 per
836 3705 978 3789 sinpulas
1006 3705 1185 3787 opiniones,
1215 3701 1257 3763 ad
1284 3715 1364 3780 quas

180 3814 245 3879 bac
270 3815 477 3896 ptommna
506 3817 619 3899 referri
644 3828 792 3900 possunt,
823 3819 906 3902 quod
928 3816 968 3880 ab
987 3817 1078 3880 initio
1095 3810 1225 3894 polliciti
1239 3825 1363 3880 sumus,

178 3926 305 4006 auariti
321 3927 439 3990 ceritas
455 3928 584 4008 facilius
607 3930 792 3994 innotescat.
823 3926 1023 4010 opinabatur
1053 3921 1266 3988 Democritus,
1300 3913 1365 3978 im-

180 4052 324 4100 mensum
343 4037 412 4111 boe,
430 4038 515 4118 quod
532 4042 752 4122 compicimus,
771 4043 868 4105 inane
887 4055 964 4109 esse,
989 4044 1017 4098 et
1040 4034 1172 4119 infinita
1194 4027 1366 4098 vastitatis,-

180 4144 219 4207 iu
233 4160 268 4210 eo
283 4154 390 4210 autem
406 4148 534 4232 infinita
550 4151 751 4233 corpusculo,
782 4147 1014 4232 inpenerabilia
1041 4153 1071 4208 et
1096 4138 1363 4222 incorruptibilia,

182 4261 285 4336 mpotr
309 4258 416 4339 prima
445 4276 553 4324 rerum
588 4265 730 4328 omnium
753 4263 933 4346 principia,
962 4253 1180 4338 mopnitudine
1213 4251 1364 4321 minima.

180 4367 287 4447 {lauro
303 4370 409 4443 uaria,
434 4378 541 4437 atomo
563 4381 592 4436 et
611 4375 816 4456 impassibilia
830 4381 981 4458 perpetuo
999 4364 1151 4439 volutorir
1171 4383 1235 4429 non
1250 4360 1290 4425 ab
1304 4356 1366 4418 oli·

181 4493 248 4555 1²¹⁰
264 4489 415 4555 Mittit,
435 4483 489 4548 tell
506 4493 612 4566 suopte
632 4488 749 4568 impetu
767 4489 902 4570 opilata,
922 4500 993 4568 pua
1012 4477 1176 4560 multiplici
1194 4466 1372 4539 consumo:
