3096 5154
471 344 613 392 issam
637 344 734 392 suess
757 344 938 392 sessanum
962 345 1073 393 sunam
1301 331 1362 398 187

182 486 294 552 multis
310 482 427 547 diebus
443 482 650 564 aspeximus,
667 498 741 563 quae
760 499 828 547 uno
846 499 914 548 non
932 484 1073 565 amplius
1095 485 1162 549 iera
1184 486 1277 567 signo
1301 505 1364 553 en·

180 594 348 661 tseedebst
365 591 490 661 Solem:
518 592 610 657 eires
637 592 807 674 periqeum
823 594 925 659 etiam
952 601 1046 670 erat,
1065 599 1098 659 et
1120 596 1202 660 satis
1231 596 1365 664 admota

178 705 290 780 turis,
306 707 347 769 ut
364 701 491 785 speeies
504 701 645 784 amplior
657 718 692 766 se
706 703 813 767 oeulis
828 704 1007 785 ingereret,
1020 703 1133 786 praem
1145 703 1241 769 dnlio
1254 703 1362 783 Luna,

181 831 279 896 quam
298 811 345 877 ct.
364 809 505 877 Galilem
519 813 644 893 penita
657 809 870 895 Terramaqir
881 812 1037 879 illustrari
1054 831 1113 896 per
1131 815 1260 881 luminis
1274 817 1365 900 relle-

179 924 324 999 mosem
339 936 438 1004 qnam
460 918 564 986 Tellus
575 919 703 987 aLuna
715 921 829 1004 plena,·
846 940 946 1004 quum
960 921 1093 987 Terram
1110 932 1230 1006 reeepto
1247 924 1364 991 lumine

179 1030 261 1098 Solis
278 1049 346 1096 nan
362 1032 469 1095 minem
494 1029 615 1113 suque
636 1038 770 1105 statuat,
803 1050 900 1114 quam
922 1030 1076 1123 quodlibet
1107 1031 1196 1098 alud
1226 1043 1365 1109 astrum,-

180 1139 286 1215 Lnna,
301 1132 448 1222 inquam,
464 1143 640 1206 neeessario
653 1143 690 1205 in
704 1141 992 1222 coniunctionibus,
1007 1160 1045 1206 ae
1056 1160 1152 1224 prope
1167 1145 1365 1226 coniunctio-

179 1264 236 1315 nes
253 1268 276 1317 a
296 1248 386 1315 nolu
408 1249 566 1315 uideretur
591 1268 659 1316 non
686 1253 793 1316 minus
824 1250 988 1334 epulqenu
1019 1269 1116 1333 quam
1149 1252 1250 1320 Venus
1279 1258 1364 1322 eirea

179 1358 359 1432 saeridism5
373 1358 458 1441 quod
475 1366 581 1424 tamm
598 1362 811 1442 experimento
824 1362 953 1423 minime
967 1362 1144 1442 respondem
1160 1366 1238 1446 quia
1262 1365 1364 1431 l'enns

180 1469 241 1531 etsi
260 1469 393 1533 minoris
412 1468 641 1549 maqnltudinit
663 1479 739 1534 tune
760 1471 949 1551 aspiciatur,
971 1488 1069 1552 quam
1089 1482 1199 1548 noctu,
1226 1478 1364 1558 splendi-

179 1575 309 1641 dissima
326 1583 434 1641 tamm
452 1576 518 1642 lues
536 1574 642 1642 mum
657 1587 771 1653 mouet,
789 1596 890 1661 quum
908 1588 1032 1644 terreno
1050 1580 1167 1647 lmnlne
1185 1601 1365 1665 reperetum

179 1684 342 1767 spendens
363 1684 458 1750 Luna
475 1704 573 1770 prope
595 1688 831 1768 coniunctiones
853 1690 910 1752 uio
935 1688 1124 1763 illuminari,
1147 1709 1185 1756 ae
1207 1693 1364 1774 splendere

181 1794 332 1861 pileatum
350 1794 673 1879 deponenturque
695 1797 803 1862 lunari
822 1797 942 1862 nullam
958 1815 1089 1879 prorsus
1103 1800 1365 1868 illuminationem

179 1904 274 1970 luna
288 1907 401 1989 resipit
418 1922 440 1970 a
460 1904 577 1981 Terra,
596 1907 848 1989 qnandoquidem
866 1909 902 1970 in
919 1907 1033 1972 umbra
1055 1907 1160 1974 Terra
1174 1910 1270 1976 Luna
1287 1931 1365 1978 eon-

180 2016 267 2082 iitur
281 2018 427 2090 amnium·
442 2017 567 2081 nudam
585 2015 692 2080 itidem
708 2035 730 2080 a
743 2014 829 2090 Solo,
847 2017 940 2098 eujus
957 2018 1056 2082 radiis
1071 2019 1165 2083 nulls
1179 2024 1365 2103 attinqitur‚·

182 2133 217 2189 ut
234 2120 344 2212 (neu
360 2126 471 2209 etipse
497 2124 552 2190 Vir
568 2124 691 2199 elatus:
712 2144 813 2207 quum
822 2134 927 2191 tumen
938 2129 974 2191 in
984 2127 1144 2210 deliquiis,
1166 2131 1304 2212 ejusdem
1315 2131 1362 2217 (2)

183 2233 371 2309 musteum,
389 2242 419 2299 st
433 2235 559 2301 meelate
576 2235 648 2318 fids.
661 2234 769 2316 snlqm
781 2236 912 2318 quidam
925 2247 1055 2319 apparet
1068 2241 1105 2302 in
1119 2238 1228 2314 Luna,
1246 2241 1365 2306 subru-

181 2344 239 2425 [ιιι
257 2342 397 2425 quidsi»,
408 2359 448 2408 aa
459 2346 552 2426 quusi
568 2362 689 2419 ansus,
707 2353 812 2427 utpote
831 2345 938 2410 lumen
955 2349 1181 2414 secundarium
1195 2350 1235 2414 al
1250 2354 1363 2417 atnere

178 2450 437 2533 pramistohststm
446 2454 636 2536 eimumlnso
649 2472 866 2536 repercussum
879 2455 922 2520 ad
931 2453 1070 2530 Lunam:
1076 2457 1229 2536 junctum
1239 2461 1364 2540 quidem
1417 2428 1423 2447 x

181 2565 316 2647 inpura
325 2562 390 2627 luri
396 2564 513 2629 mutina
522 2563 600 2628 dissi
614 2564 749 2639 lunaris,
760 2565 972 2631 sedunorum
983 2585 1022 2630 eo
1031 2569 1193 2649 priuatum
1201 2568 1364 2649 multiplici

179 2673 283 2756 qradu
294 2674 435 2757 proptio
452 2672 650 2740 claritudinis
661 2674 702 2739 al
716 2674 837 2741 umbra
851 2686 983 2742 onena
998 2679 1135 2759 niqrore.
1147 2676 1292 2758 Denique
1306 2696 1362 2741 nee

179 2786 258 2852 illud
269 2788 428 2861 maome
442 2785 519 2851 data
528 2788 680 2869 positione
697 2786 742 2850 Cl.
765 2788 845 2863 Viri,
863 2789 948 2854 radii
961 2786 1043 2854 Solis
1057 2806 1080 2853 a
1097 2787 1198 2854 Terra
1208 2788 1363 2854 reuilrari

180 2896 323 2962 murem
332 2895 412 2961 adeo
426 2896 526 2962 otoldi
539 2897 582 2962 ad
594 2899 769 2980 appositum
782 2899 907 2973 solum,
923 2908 960 2963 ut
974 2902 1010 2964 in
1024 2899 1127 2963 nudie
1140 2901 1264 2980 reqione
1279 2901 1362 2964 aeris

180 3022 256 3071 essm
266 3006 471 3091 ιιβιιιιιιίῠιιι
484 3024 507 3071 a
520 3005 593 3072 Sole
602 3009 717 3090 primis
730 3019 889 3085 coeuntes,
899 3026 1021 3074 omnem
1035 3009 1080 3072 ili
1093 3008 1298 3089 sriqiditatem
1308 3025 1365 3087 pe-

182 3118 273 3181 situs
284 3115 454 3191 amorosa
472 3117 601 3200 ideaque
615 3137 671 3183 nee
686 3137 721 3183 ea
739 3121 797 3184 loei
813 3119 912 3183 nnlm
925 3120 1106 3189 consistere,
1125 3135 1181 3180 nee
1203 3134 1364 3198 aquorum

181 3234 243 3292 aut
253 3227 643 3309 nimnentpruadinum
652 3232 867 3311 qeneratianes
878 3230 946 3311 pen·
953 3228 1216 3308 permitterentur·
1227 3244 1362 3308 namque

176 3333 350 3418 Μή
364 3345 467 3402 suetas
478 3336 686 3403 otsueantur
697 3336 744 3425 (3)
758 3339 938 3420 tepidiores:
948 3337 1082 3418 indeque
1096 3339 1131 3420 pt
1143 3344 1182 3400 ut
1195 3339 1303 3402 munio
1318 3345 1364 3401 te-

179 3452 298 3520 stam.
317 3455 476 3529 quotesm
488 3451 665 3530 saanquia,
677 3457 865 3530 naturaque
874 3447 1064 3530 sriqidiarit,
1078 3448 1118 3512 al
1129 3447 1295 3512 ambientis
1307 3465 1363 3510 aa·

180 3554 244 3622 lars
264 3556 543 3639 {olmpropriaque
554 3557 828 3641 calorepropterea
845 3566 985 3640 usqetato
998 3558 1121 3639 plenius
1134 3557 1281 3624 alantur:
1292 3558 1364 3638 iam

183 3662 286 3732 Terra
296 3664 464 3748 plenilunii
478 3675 609 3751 tempore
625 3669 727 3751 tonqe,
740 3688 837 3752 quom
846 3668 942 3735 Luna
956 3671 1103 3743 uiciniae,
1119 3679 1147 3733 et
1164 3669 1252 3749 lonqe
1267 3686 1362 3750 quam

180 3772 276 3841 lasau
288 3792 419 3860 purpure
432 3778 548 3859 major,
568 3779 674 3845 lumen
692 3777 775 3845 Salis
791 3782 961 3864 potentius,
981 3780 1145 3860 radiosque
1160 3776 1243 3842 Solis
1266 3779 1364 3841 multo

177 3886 284 3967 piru
297 3896 493 3972 rspmuters
511 3889 628 3954 delebit
645 3892 681 3953 in
699 3908 803 3954 aerem
821 3892 971 3965 etodium,
984 3899 1012 3953 st
1025 3891 1063 3953 iis
1082 3890 1122 3953 ab
1139 3893 1206 3972 ipso
1221 3887 1364 3969 depellere

180 3994 390 4077 triqiditansr
397 4014 522 4063 omnem
532 4000 757 4073 adventitiam,
776 4002 977 4083 eumdemque
997 4010 1116 4065 notura
1133 4018 1193 4064 sua
1211 3997 1364 4072 solidum,

182 4117 261 4173 ssrts
279 4126 345 4173 nors
361 4109 529 4192 stipidum,
550 4110 725 4175 calidiorem
750 4114 880 4194 spicere:
903 4120 1013 4177 eontra
1036 4121 1140 4177 tanton
1164 4120 1282 4177 eertum
1305 4119 1362 4181 est,

254 4319 285 4371 ll)
300 4315 383 4366 muse.
399 4314 460 4377 Syd.
477 4328 534 4377 pag.
553 4320 595 4371 70,
614 4320 651 4363 tt.

257 4391 288 4449 (dl
303 4390 368 4441 litt.

259 4467 290 4525 (²)
303 4467 340 4517 lle
356 4472 421 4531 past.
438 4481 479 4520 ιιι.
496 4474 520 4519 ι.
542 4484 564 4519 c.
583 4475 605 4517 i.
