3288 5286
298 403 370 472 '248
687 409 789 458 succos
811 409 917 458 caess
938 411 977 457 ss
998 408 1100 455 assos

300 559 347 640 pii
359 549 537 640 perspiet'lli,
557 555 593 611 ut
608 547 710 629 aliqui
729 547 897 621 dicerunte
908 547 962 610 boc
977 546 1061 608 enim
1078 561 1144 609 non
1159 543 1305 624 decipere,
1321 541 1488 606 innumeri

304 667 439 750 quidun,
466 667 498 723 et
526 675 584 740 epo
613 659 697 722 inter
711 665 850 730 cetoros,
868 657 1035 720 certissime
1064 653 1279 736 capnooimus,
1303 670 1377 716 eum
1403 652 1486 715 idem

300 787 437 859 prorem,
457 769 547 833 nulla
563 770 651 852 {acta
667 769 715 834 rei
733 768 917 842 mutatione,
935 785 1008 832 eum
1019 763 1194 849 perspicillo
1222 765 1489 846 conspiceremus,

303 881 365 946 nisi
394 885 520 942 tontum
546 879 622 942 bae:
651 895 773 961 nempe,
803 877 888 959 quod
915 894 996 950 rem,
1015 894 1114 959 qnam
1132 875 1170 942 ob
1188 875 1372 941 distantimn
1390 883 1491 958 atque

305 989 563 1074 lonpinpuitaten
581 989 638 1054 oin
659 991 842 1065 minimum,
870 995 900 1052 et
919 988 1047 1070 confuse
1075 985 1200 1068 quidem
1221 995 1317 1070 atque
1347 985 1491 1060 obscure,

304 1098 575 1182 eopnoscebamus,
592 1117 647 1182 ope
665 1101 870 1165 instcnmenti
887 1101 933 1163 ita
949 1097 1091 1162 distincte
1107 1105 1137 1161 et
1152 1096 1250 1172 clare,
1262 1115 1299 1161 ao
1311 1115 1383 1162 cum
1389 1115 1491 1180 prope

304 1227 456 1284 essemus,
466 1209 664 1276 videbamus:
675 1209 728 1276 sed
741 1212 864 1275 ratione
880 1209 1004 1292 obiecti,
1020 1209 1103 1291 pand
1120 1207 1213 1273 aliter
1223 1208 1325 1273 sideri
1334 1225 1401 1273 non
1414 1225 1494 1290 por-

305 1323 366 1396 sit,
396 1337 462 1386 non
490 1339 531 1384 ee
559 1319 711 1386 distamm
745 1337 842 1403 quam
871 1321 1065 1403 lonpissima,
1096 1317 1148 1383 sed
1165 1319 1289 1384 ratione
1308 1319 1437 1383 luminis
1460 1329 1492 1380 et

306 1433 409 1514 opaci,
421 1449 609 1514 capuanum
619 1433 713 1496 uario
724 1432 876 1495 mintium
891 1430 1050 1512 probabile
1064 1437 1119 1504 est,
1139 1429 1203 1494 ltoec
1226 1427 1438 1494 Pbauomenu
1454 1428 1492 1490 in

307 1543 379 1608 orbe
396 1541 510 1618 tono,
529 1541 699 1625 dequibus
717 1541 959 1622 disputationem
975 1541 1186 1615 instituimus,
1205 1555 1353 1621 apparere
1372 1533 1384 1620 (
1408 1537 1431 1624 ).

828 1871 904 1938 Ces.
927 1871 980 1936 ΙΙΙ.

589 2073 633 2136 lle
648 2073 754 2136 ordino
769 2067 830 2152 quo
845 2073 964 2154 singnele
980 2075 1224 2156 explicabuntur.

409 2310 448 2376 llt
464 2329 537 2376 uero
554 2310 663 2377 ordirn
685 2312 922 2394 eporediamur,
941 2315 1083 2396 primum
1111 2315 1237 2397 peridem
1266 2318 1498 2398 experimenta,

315 2429 424 2504 amus,
452 2431 490 2487 ul
517 2425 564 2488 ita
592 2423 707 2498 dicam
736 2422 966 2489 obseruationes
996 2440 1018 2487 a
1049 2423 1090 2487 D.
1109 2421 1227 2489 Galileo
1249 2427 1353 2509 [actas
1372 2429 1409 2492 in
1427 2427 1500 2492 orbe

317 2533 418 2599 Luna
434 2535 610 2621 fidelissima
628 2535 773 2610 butmia,
793 2543 830 2598 ut
844 2537 880 2599 in
896 2533 1007 2610 libello,
1021 2537 1076 2600 cui
1099 2553 1213 2601 nornen
1227 2534 1386 2619 Sydercus
1401 2537 1501 2603 Nun-

318 2647 395 2721 tius,
422 2655 563 2712 exarata
590 2653 679 2720 sunt,
709 2654 738 2709 et
766 2643 984 2710 illustrissimo
1012 2644 1163 2711 Federico
1188 2645 1285 2712 Casio
1315 2647 1501 2714 Marabioni

319 2753 491 2820 Monlicelli
509 2755 730 2828 emtditissimo,
749 2763 842 2836 atque
862 2757 1040 2836 priumria,
1058 2763 1095 2818 ut
1113 2756 1294 2834 nobilitatis,
1313 2759 1356 2823 ita
1383 2759 1497 2823 litero-

195 2866 199 2875 '
320 2873 401 2928 tura
418 2861 562 2936 Proceri,
581 2879 619 2926 ac
636 2864 715 2927 misi
745 2871 776 2927 et
801 2865 907 2928 multis
935 2865 1007 2928 aliis
1037 2865 1168 2931 eruditis
1197 2871 1276 2933 viris
1303 2867 1499 2934 doctissimus

320 2973 458 3040 Galilens
484 2991 543 3038 suo
575 2972 746 3056 Telescopio
773 2973 880 3038 multis
904 2973 1024 3039 uicibus
1047 2983 1077 3040 et
1107 2980 1275 3043 certissime
1298 2977 1444 3053 ostendit,
1462 2981 1500 3044 in

318 3087 457 3152 caedium
481 3085 614 3170 afferam
632 3094 662 3150 et
683 3101 874 3168 proponam:
890 3083 1031 3167 deinceps
1060 3105 1134 3152 aero
1151 3087 1187 3152 de
1206 3090 1358 3172 telescopii
1375 3092 1503 3156 instru-

320 3201 418 3264 menti
436 3197 637 3272 certitudine,
655 3213 692 3261 ac
706 3203 793 3262 recta
804 3213 861 3278 per
875 3211 948 3261 eum
972 3197 1098 3262 videndi
1114 3201 1251 3275 ratione,
1270 3217 1341 3283 pua
1365 3208 1395 3263 et
1424 3201 1503 3266 mibi

321 3317 350 3370 et
367 3309 512 3372 munibus
530 3317 685 3390 comperta
702 3316 779 3372 sunt
795 3306 912 3390 absque
928 3306 1057 3390 fallacia
1074 3311 1224 3391 reseram,
1240 3319 1270 3374 et
1285 3309 1354 3391 eius
1369 3313 1502 3377 certitu-

322 3415 426 3480 dinem
435 3416 626 3492 cosmatem,
637 3425 748 3482 contra
757 3417 849 3482 aliter
858 3418 1037 3492 sentientes,
1050 3422 1234 3503 confinnore
1246 3421 1382 3486 tentabo.
1396 3421 1502 3488 Tertio

322 3525 580 3608 Pbilmopborum
592 3527 720 3611 placita,
739 3529 781 3593 ad
794 3547 866 3611 pua
880 3531 943 3594 boec
962 3528 1175 3594 Pboenomeua
1192 3532 1308 3612 referri
1314 3543 1460 3614 possunt,
1470 3543 1500 3597 et

322 3637 364 3703 ab
382 3633 590 3703 eruditissimo
607 3637 748 3721 lieplem,
768 3639 916 3704 Cesarea
938 3639 1113 3720 Majestatis
1136 3639 1367 3718 Mathematieo,
1388 3646 1424 3709 in
1441 3663 1503 3709 sua

323 3746 538 3813 dissertatione
554 3767 627 3813 cum
641 3745 779 3830 Spdereo
792 3747 918 3814 Nunnio
935 3752 1136 3833 referuntur,
1156 3751 1315 3834 sipitlntim
1337 3755 1505 3822 recensebo

321 3865 416 3942 atoue
437 3859 634 3926 examinabo.
671 3857 809 3936 Quarto,
831 3867 862 3923 et
883 3861 1003 3937 ultimo,
1027 3862 1104 3945 quid
1124 3863 1203 3928 mibi
1226 3865 1434 3930 verosimilius
1465 3867 1503 3930 de

323 3969 371 4034 bis
388 3969 533 4036 amnibus
552 3972 614 4036 diei
626 3987 715 4054 posse
730 3971 884 4047 videatur,
896 3971 1064 4054 replicabo,
1079 3982 1174 4057 atpue
1192 3975 1257 4040 bae
1274 3975 1500 4052 Pbanomena,

324 4097 367 4144 ee
384 4079 599 4165 Peripatetico
615 4081 820 4167 Plcilosopbia
837 4082 974 4167 placitis,
990 4085 1032 4150 ad
1050 4093 1149 4151 certas
1169 4104 1281 4155 causas
1296 4090 1412 4170 referre
1428 4095 1502 4153 ten-

325 4190 405 4258 tabo.

398 4379 433 4440 (1)
456 4378 514 4434 Vedi
530 4377 557 4427 la
572 4378 685 4431 Poetilio
701 4377 734 4429 Ni
755 4381 782 4432 l'.
