3096 5154
508 350 547 397 mc
572 351 778 401 sanabensis
802 351 832 399 ns
854 352 935 400 anna
960 354 1047 400 nanee
1301 344 1365 409 247

180 486 534 569 maticonensium
558 489 744 552 continuone
774 496 841 552 tum
868 488 1049 563 discretam,
1078 493 1227 573 maram,
1248 505 1369 561 notun

178 606 208 661 et
229 599 470 680 quietemque
488 599 635 679 proninec
665 598 820 662 inborent
837 597 1036 676 substantia,
1065 608 1094 665 ct
1117 601 1231 684 quibus
1258 608 1366 672 mediis

176 706 304 789 reliqua
324 706 505 790 affectiones
524 706 710 772 substantiis
738 709 899 784 accidunt,
929 719 966 775 ut
996 728 1104 793 sapor,
1133 713 1229 788 color,
1256 733 1368 790 sonus,

177 817 266 893 ador,
286 826 315 882 et
335 816 499 899 tanpibilee
518 817 695 900 qualitates.
724 815 832 893 Quare
863 828 892 883 et
921 822 1025 902 opinio
1044 823 1128 887 circa
1151 824 1214 889 bac
1244 844 1320 890 nera
1341 837 1370 892 et
1409 874 1412 879 -

177 927 261 1009 [alsa
279 946 343 993 esse
359 935 474 1021 polest,·
490 926 593 1009 saba,
611 930 639 992 si
657 946 730 992 curn
747 929 915 1013 decipiente
944 948 1039 995 sensu
1065 935 1233 1016 conspiret,
1253 943 1283 999 ct
1301 939 1369 1018 ejus

171 1039 333 1119 judicium
351 1046 503 1120 sequatur
516 1034 578 1125 (1),
590 1047 626 1102 ut
637 1055 709 1102 cum
719 1037 896 1119 Epicureus
913 1042 1063 1121 opinatur
1074 1039 1177 1106 Solem
1189 1041 1369 1125 bipedalem,

178 1151 257 1232 quia
276 1156 400 1213 tantone
416 1147 485 1228 ejus
504 1147 756 1230 mapnitudinem
771 1148 868 1214 oculis
887 1151 1099 1232 conspicatur:
1114 1171 1190 1218 uero
1207 1165 1323 1231 autern,
1342 1160 1370 1220 ei

177 1259 316 1326 ratunis
327 1266 410 1322 recte
421 1259 652 1332 ratiocinantis,
658 1267 753 1340 atque
768 1259 869 1323 olium
884 1262 1048 1326 certiorem
1061 1280 1189 1328 sensum
1202 1269 1368 1347 sequentis,

175 1369 302 1449 judicio
325 1370 489 1442 innarenn
507 1367 714 1452 deceptionem
731 1371 815 1434 enim
834 1372 932 1435 nnius
955 1388 1080 1446 mnsus,
1099 1372 1230 1439 alterius
1260 1393 1368 1440 sensus
1448 1409 1449 1412 ¹

181 1482 300 1544 certius
311 1479 487 1559 judicantis
499 1478 660 1560 judiciem
689 1480 773 1544 circo
791 1479 873 1544 idem
890 1479 1043 1560 objectum
1062 1501 1233 1559 commune,
1245 1489 1368 1551 etratio
1396 1554 1398 1558 ,

177 1590 342 1654 certiorem
352 1606 480 1653 sensum
490 1596 635 1671 sequuta,
648 1589 812 1653 emendare
820 1599 969 1672 possunt·
987 1600 1032 1664 ut,
1051 1611 1124 1655 cnm
1141 1594 1250 1659 oculus
1270 1597 1367 1662 bacu-

180 1698 246 1764 iurn
263 1699 322 1764 snb
351 1718 439 1782 aqua
461 1699 586 1780 judicat
612 1699 766 1780 fractum,
798 1700 866 1780 eius
894 1700 1098 1782 deceptionem
1128 1720 1237 1768 sensus
1266 1714 1367 1770 tactus

179 1813 335 1892 corripere
343 1818 454 1894 potest,
469 1818 527 1873 aut
541 1809 684 1873 idemmct
697 1827 807 1874 sensus
822 1811 908 1874 usus
923 1812 1008 1874 circa
1023 1811 1104 1875 idern
1113 1813 1265 1888 sensibile,
1275 1817 1367 1880 aliter

181 1930 287 1986 tamen
309 1929 404 2003 atquc
432 1920 496 1984 alio
514 1920 604 1984 modo
621 1920 804 2002 dispositum
833 1928 870 1983 ut
888 1938 960 1983 cean
978 1939 1088 1986 sensus
1110 1924 1191 1987 idem
1209 1927 1294 1989 uisus
1314 1927 1368 1989 de-

180 2033 351 2114 ceptionem
368 2032 454 2096 circo
472 2029 620 2096 baculum
637 2031 695 2094 snb
709 2049 796 2113 apua
813 2032 996 2097 existentem
1015 2035 1143 2115 corripit
1167 2043 1196 2098 et
1214 2054 1229 2098 e
1281 2037 1366 2110 ndat,

182 2144 288 2210 eodem
305 2145 441 2226 inspecta
452 2142 563 2208 baculo
581 2153 674 2209 estro
688 2161 806 2226 apuam
818 2140 876 2230 (2).
891 2141 1004 2225 Opinio
1014 2145 1112 2226 ipitur
1123 2147 1208 2211 circa
1219 2149 1266 2212 lta
1294 2167 1368 2212 scn-

186 2253 306 2330 eibilia,
327 2261 356 2319 et
379 2254 461 2337 salsa
485 2263 515 2319 et
545 2273 622 2320 uero
649 2272 711 2319 esse
736 2263 850 2336 potest,
877 2264 971 2336 proed
994 2256 1171 2336 decipientis
1206 2267 1265 2323 aut
1300 2277 1365 2323 non

186 2363 367 2447 decipientis
377 2381 485 2429 sensus
491 2364 650 2446 judicium
660 2366 818 2446 sequitur,
831 2374 890 2430 aut
904 2367 1038 2431 rationis
1053 2376 1134 2431 recte
1147 2371 1366 2434 ratiocinantis

185 2492 242 2559 ope
259 2475 444 2556 rotrudae,
460 2475 508 2540 cet
523 2476 719 2549 destituitur,·
740 2477 845 2557 opinio
864 2478 967 2550 enine,
986 2495 1058 2541 cum
1076 2478 1186 2559 infima
1204 2479 1368 2543 rationalis

183 2586 300 2652 anm
312 2602 392 2669 pars
408 2587 465 2660 eit,
483 2588 590 2652 sensui
612 2595 642 2650 et
659 2587 778 2652 rationi
796 2588 1005 2660 contermina,
1020 2586 1168 2651 ambobus
1191 2587 1290 2668 junqi
1303 2606 1365 2669 po-

183 2704 252 2764 ten.
269 2696 498 2764 Matbemalica
525 2700 626 2780 ipilur
642 2697 680 2761 ob
698 2698 779 2762 banc
808 2715 954 2771 camum,
984 2706 1020 2761 ut
1048 2699 1161 2779 optimc
1190 2693 1368 2762 Aristoteles

181 2809 388 2884 monstrauit,
407 2807 608 2874 naturalibus
625 2806 887 2890 speculationibus
901 2809 1006 2890 officit:
1020 2809 1048 2872 si
1063 2809 1146 2872 enim
1156 2825 1237 2889 pure
1248 2807 1371 2872 ruatbe-

183 2919 303 2985 ntatioa
318 2920 360 2985 eit
377 2919 600 2992 comiderotio,
616 2935 638 2982 a
655 2917 850 2982 sensibilibus
865 2926 896 2982 et
908 2918 1123 3001 sinpularibus
1141 2917 1370 2982 conditionibus

187 3026 361 3103 abenabm
376 3029 406 3094 ei
421 3037 529 3094 autem
546 3046 657 3093 sensus
667 3028 827 3109 judicium
854 3038 1020 3111 sequatur,
1048 3028 1187 3110 sallitms
1214 3029 1306 3108 cujus
1324 3029 1372 3090 rei

190 3138 396 3204 mrtunmeen
411 3138 560 3204 nolemus
575 3146 816 3220 oruamentum:
832 3156 950 3220 maana
978 3138 1061 3202 enim
1082 3139 1244 3218 prostipia
1276 3146 1370 3219 atquc

191 3247 382 3330 deceptiones
391 3251 578 3332 contineant
592 3251 627 3314 in
640 3247 751 3333 Optica
758 3251 944 3332 practicam
956 3247 1234 3322 Harmonica,non
1245 3247 1370 3331 quidem

191 3359 318 3425 ratione
338 3362 450 3443 unani
471 3369 529 3426 aut
551 3361 657 3436 medii,
677 3360 731 3426 sed
747 3361 869 3425 ratione
886 3357 1010 3439 obiecti,
1024 3366 1062 3422 ut
1078 3360 1115 3423 in
1132 3357 1258 3440 depictis
1278 3356 1372 3423 tabu-

188 3467 230 3537 lis
252 3488 324 3552 qua
340 3488 382 3538 ea
398 3474 589 3555 perspectiva
606 3475 688 3556 fiunt
709 3471 800 3553 facile
817 3469 971 3542 uidemus,
990 3469 1026 3532 in
1044 3468 1159 3550 quibus
1180 3471 1275 3533 etiam
1298 3485 1369 3533 curn

187 3582 428 3666 proportionata
442 3583 594 3649 distantia
608 3585 750 3648 omniun
767 3580 853 3646 oculi
867 3599 934 3645 rent
950 3579 1013 3644 alio
1030 3579 1120 3644 modo
1137 3578 1258 3652 uident,
1276 3594 1373 3659 auam

188 3693 249 3767 sile
266 3694 303 3758 in
318 3693 417 3776 plana
433 3696 518 3759 enim
539 3703 568 3759 ct
596 3693 712 3776 aquali
728 3693 855 3757 omnino
871 3691 1032 3774 superficie
1049 3688 1163 3752 multas
1178 3689 1371 3768 asperitates,

191 3803 393 3879 eminentiae,
400 3805 642 3887 profunditates,
654 3804 817 3885 omaaines
828 3803 967 3867 uidemus
981 3797 1038 3887 (3).
1062 3796 1180 3875 Quare,
1190 3805 1227 3861 ut
1237 3797 1373 3861 occasio-

192 3929 267 3978 nem
285 3914 368 3979 banc
384 3913 570 3997 deceptionis
589 3917 752 3988 evitemus,
772 3915 871 3978 tutius
885 3913 952 3993 [ore
967 3910 1160 3982 eaistirnaui,
1173 3909 1254 3972 nanc
1265 3905 1374 3989 dispu-

194 4023 344 4087 tationem
367 4024 494 4107 pltpsice
527 4028 630 4106 potius
658 4042 755 4107 quam
780 4022 994 4087 nannetico
1017 4029 1048 4086 et
1074 4021 1169 4103 opticc
1198 4018 1373 4084 instituere.

194 4126 393 4199 Dieoammc
403 4137 597 4200 occasionem
615 4133 810 4217 deceptionis,
830 4150 895 4199 non
913 4151 953 4199 en
966 4139 1058 4215 parte
1076 4131 1190 4214 erponi
1204 4137 1234 4196 ct
1250 4129 1373 4200 telesco·

267 4308 300 4369 (1)
320 4306 383 4358 Vecte·
399 4307 426 4357 la
440 4307 553 4358 Postilla
569 4307 605 4357 Νο
621 4311 656 4358 11.

269 4395 300 4452 [a]
322 4392 384 4442 l'edl
399 4394 427 4442 ta
441 4392 555 4442 Postilla
570 4391 605 4442 Ν*
621 4395 669 4442 lli.

271 4479 301 4538 tt)
320 4478 382 4531 Vedi
399 4479 425 4528 la
442 4478 555 4529 Postilla
572 4477 608 4529 N⁶
625 4479 669 4533 ll'·
