3096 5154
499 349 539 394 oa
562 347 815 396 erumnarum
838 346 920 393 om
944 347 1032 393 eura
1286 328 1351 396 333

181 485 325 549 utilitatis
344 485 413 547 erit.
437 479 589 558 Quamuis
608 483 709 553 euim,
729 489 764 543 ut
782 477 962 546 Aristoteles
982 481 1086 562 iuquit
1101 482 1204 561 primo
1222 485 1256 546 tle
1271 502 1352 566 par-

180 595 260 659 tibus
278 591 482 667 amimalium,
497 601 623 673 portem
651 591 737 654 illam
765 598 929 663 aternam,
953 599 982 655 et
1003 590 1133 672 proinde
1162 590 1294 654 uolitem
1315 612 1352 657 ao

177 705 330 776 diuinam,
348 704 455 765 miuus
475 700 677 783 comtemplari
695 707 860 782 propterea
883 691 1064 781 possumus,
1083 699 1166 781 quoti
1187 699 1353 764 admodum

174 831 281 896 pauca
299 811 383 874 illius
401 812 509 874 semui
525 817 648 891 pateat,
668 827 804 890 quorum
827 807 970 891 beuefioio
990 817 1056 871 tum
1073 807 1109 870 tle
1126 827 1163 872 ea
1180 811 1249 890 ipsa
1263 821 1353 891 parte

180 924 303 994 diuina,
324 928 392 984 tum
410 919 446 982 de
469 921 508 981 iis
531 937 601 1000 qua
630 936 719 984 morse
747 920 904 1000 cupimus,
931 917 1066 999 facultas
1089 917 1177 980 uobis
1198 921 1354 1000 eooitaudi

180 1031 414 1113 iadaqaadique
432 1029 661 1110 ermpediteturt
677 1046 727 1092 res
746 1036 851 1091 autem
869 1027 1013 1091 mortales
1036 1037 1129 1109 atque
1149 1029 1296 1102 caducas,
1319 1038 1355 1091 ut

180 1144 305 1224 stirpes,
334 1148 369 1203 ut
399 1141 588 1212 animantes,
612 1138 695 1220 quod
721 1155 773 1200 eas
803 1138 902 1200 socias
930 1137 1163 1219 familiaresque
1193 1138 1352 1212 labemus.

180 1268 269 1315 nosse
289 1249 417 1314 uberius
432 1264 616 1328 possumus:
634 1249 745 1328 quippe
763 1265 834 1310 oum
844 1246 1054 1311 multaiuesse
1067 1267 1188 1330 quoque
1200 1250 1355 1331 inuenere

178 1361 337 1441 percipere
342 1359 451 1440 possit,
461 1358 650 1438 quicumque
662 1375 727 1420 aaa
740 1355 874 1421 laborem
885 1365 1010 1418 recusat
1019 1356 1197 1437 pleniorem,
1210 1357 1356 1442 (utrum-

183 1486 244 1549 que
272 1486 344 1531 vero
371 1466 511 1530 studium
531 1483 586 1528 aar
616 1464 777 1550 alectus),
796 1483 845 1530 res
875 1466 943 1530 illas
972 1469 1145 1547 superiores
1170 1471 1228 1532 etsi
1250 1461 1356 1535 leuitt}

182 1579 334 1658 attinuere
348 1593 528 1659 possumus,
549 1584 666 1649 tamea,
686 1574 723 1638 ob
741 1575 809 1656 ejus
828 1577 1031 1658 aooaosoeutli
1052 1580 1176 1658 acueris
1204 1579 1357 1642 excelleu-

183 1692 274 1763 tium,
304 1688 438 1770 amplius
467 1686 669 1760 oblectamur,
692 1704 789 1767 auom
817 1705 889 1750 oum
911 1688 975 1752 loe
1003 1686 1090 1752 uotis
1113 1687 1230 1768 jurata
1250 1689 1357 1751 amaia

184 1809 332 1863 tenemus.
350 1796 388 1862 Si
405 1806 512 1861 autem
531 1795 618 1878 lonae
636 1813 658 1860 a
675 1797 815 1861 ueritatis
838 1814 927 1878 scopo
948 1795 1175 1872 alerraoerim,
1192 1797 1358 1862 eorreotio-

184 1929 253 1977 aem
272 1909 401 1972 libenter
418 1908 553 1989 arripio,
571 1924 636 1970 aaa
663 1906 751 1970 moda
773 1905 813 1970 al
841 1905 1096 1972 excellentissimo
1116 1904 1247 1981 Galileo,
1266 1923 1359 1986 quem

183 2020 268 2084 amai
284 2018 493 2082 humanitatis
511 2025 605 2098 atque
618 2017 714 2106 officii
732 2033 856 2096 oerore,
875 2034 941 2080 aaa
962 2018 1068 2081 miuus
1087 2034 1183 2099 quam
1200 2015 1358 2087 doctriua,

184 2137 334 2196 ornatum
351 2144 388 2192 ao
405 2127 467 2190 otei
482 2127 736 2190 amantissimum
764 2142 914 2207 aquosam·
934 2145 1045 2190 oerum
1073 2128 1168 2191 etiam
1186 2144 1208 2190 a
1224 2123 1358 2208 quolibet

186 2237 326 2302 ueritatis
356 2236 502 2300 stutlioto.
527 2232 664 2310 Quodsi
684 2237 762 2300 milti
791 2237 966 2317 contiueat,
993 2239 1093 2319 operia
1122 2245 1216 2319 atque
1245 2234 1358 2299 laboris

182 2347 327 2428 precium
345 2346 418 2421 tuli,-
434 2346 661 2412 atomtralitur
679 2348 763 2411 euim
780 2349 858 2412 milri
887 2349 997 2412 sentito
1025 2349 1068 2412 atl
1096 2350 1272 2420 ueritatem,
1296 2363 1360 2428 qua

188 2456 269 2521 ailtil
285 2457 362 2520 milti
372 2456 548 2538 jmuaaue
566 2467 623 2523 aut
638 2459 809 2540 preciosius
826 2475 979 2539 umquam
996 2459 1068 2540 tuit.
