3096 5154
499 352 538 396 oe
562 349 767 396 enanouenrs
791 349 819 394 ιη
843 350 921 395 onae
945 349 1032 393 tanea
1290 331 1355 394 265

176 495 264 576 penit
278 489 407 573 sanant,
428 497 456 550 et
475 472 660 568 impartibile
674 486 818 565 pitpsiee:
837 503 1025 566 consequens
1046 494 1149 548 tamen
1170 495 1213 546 eet
1232 505 1354 555 aeram,

177 621 216 667 oe
233 599 444 665 neeetearinm
466 615 508 662 ea
529 596 751 676 eappoeitione.
778 591 885 670 Qaare
907 603 1003 675 patet,
1033 614 1098 658 nen
1127 613 1191 657 erse
1220 596 1356 659 polidam

179 728 234 777 nee
245 727 356 775 aeram
366 709 422 773 iae
434 714 675 788 orpamentam:
685 706 748 768 hae
760 705 866 786 posita
878 706 1117 786 suppositione,
1128 710 1259 769 constat
1269 712 1359 769 certa

179 839 218 889 aa
235 825 326 886 reeta
344 819 433 884 ratio
450 818 632 882 eoeleotium
652 821 818 888 motuum:
840 832 919 895 ergo
941 831 1021 878 vera
1048 815 1120 878 haee
1148 813 1267 896 positio
1297 823 1360 880 est:

179 929 431 1012 eompmrttesee
443 921 686 1011 impetridilell).
701 923 827 989 Cerrnit
846 942 920 1004 erpo
935 923 1288 1006 fondamentnmtmins
1302 945 1363 1008 po-
1381 997 1386 1007 ,

179 1040 319 1112 titiomn
347 1055 388 1103 ere
411 1037 577 1121 apparenti
593 1035 743 1118 epdernm
760 1044 848 1099 metu
863 1036 1011 1116 petitam:
1028 1053 1091 1115 pno
1108 1035 1278 1111 eleetroeto,
1298 1055 1365 1101 noa

180 1150 240 1215 erit
262 1149 382 1232 diffieile
404 1147 519 1213 solvere
536 1155 775 1228 arpamentam
796 1145 879 1226 qaod
895 1144 1060 1208 videbatur
1073 1144 1210 1225 probare
1232 1145 1365 1211 Terram

182 1277 249 1325 non
267 1275 330 1323 atre
348 1266 505 1330 centiam,
524 1274 580 1320 nee
599 1257 635 1319 in
654 1264 777 1328 eentrm·
792 1264 821 1318 et
836 1255 981 1336 paomeie
993 1255 1213 1330 eoneedamnr,
1229 1255 1364 1323 Terram

183 1387 251 1434 non
267 1385 330 1433 eree
348 1376 491 1432 eentram
509 1364 619 1450 (neme
635 1368 721 1430 enim
738 1383 825 1429 rana
841 1367 954 1428 mentia
973 1365 1007 1428 id
1035 1367 1235 1454 affirmabit),
1259 1379 1366 1435 tamen

182 1494 251 1542 non
264 1475 458 1557 praetimere,
473 1492 544 1540 eam
557 1494 621 1540 eree
635 1478 671 1540 in
688 1474 789 1539 medio
810 1474 956 1540 Univerri
973 1493 1011 1539 oe
1029 1479 1115 1542 eirea
1137 1488 1292 1545 centrum.
1315 1481 1367 1546 Ad

181 1594 408 1668 erpmnemem
424 1587 539 1668 ipitnr,
557 1587 634 1653 dam
650 1587 784 1650 dicitnr:
801 1587 830 1650 ei
848 1587 949 1651 Terra
973 1594 1022 1653 est
1035 1589 1077 1676 ¹in
1100 1595 1228 1666 cantro,
1250 1600 1310 1660 aut
1332 1597 1367 1659 in

183 1705 298 1765 eeetro
320 1698 467 1780 partiam
484 1703 548 1774 en,
561 1703 621 1763 aut
636 1699 736 1763 totius
751 1695 920 1772 Universi3
937 1715 1005 1762 non
1024 1699 1059 1762 in
1076 1704 1367 1783 commertium,

184 1809 263 1891 quia
279 1813 360 1873 tum
373 1812 460 1873 emet
477 1808 513 1873 in
526 1812 642 1874 oentm
656 1807 793 1889 sphaerae
807 1824 874 1871 non
889 1809 1072 1874 errantium
1085 1810 1257 1892 syderum,
1278 1814 1369 1894 quod

184 1920 304 1987 salutm
321 1923 457 2002 apparet
474 1936 518 1984 ox
534 1924 628 1984 motu
642 1920 806 2001 iptorum,
824 1936 918 1999 quem
935 1936 1005 1983 eme
1019 1921 1243 1986 eecentrieum
1259 1923 1369 1989 Terrae

184 2034 285 2114 putee
298 2029 373 2094 lom
391 2030 577 2111 nepaoimae
595 2029 651 2093 ltoe
669 2036 895 2110 orpamentnm
912 2045 952 2092 ea
967 2033 1167 2110 apparentia,
1183 2050 1256 2096 enm
1270 2051 1370 2116 oppa·

185 2141 297 2206 mertia
314 2141 379 2203 tint
394 2137 536 2221 {allaem
555 2145 591 2201 at
609 2154 707 2220 repra
720 2138 936 2220 protoeimm.
959 2137 1067 2220 Nepae
1090 2140 1230 2204 validum
1252 2152 1299 2207 eet
1319 2142 1371 2208 at·

188 2258 295 2315 terrm
316 2255 554 2330 arparnerttam:
565 2249 792 2313 mathematici
809 2265 925 2314 omnes
942 2251 1150 2315 constituunt
1167 2253 1371 2318 eooentricos

189 2366 224 2426 et
245 2359 425 2442 epioyolom
445 2374 524 2440 ergo
540 2359 643 2423 Terra
658 2377 725 2423 non
743 2366 793 2424 est
811 2360 846 2423 in
863 2365 992 2423 centro:
1008 2377 1084 2422 nam
1100 2361 1184 2441 salto
1202 2365 1325 2442 pariter
1342 2373 1371 2427 et

189 2469 388 2553 impartibilia
405 2476 451 2532 ert
467 2469 531 2534 liae
548 2471 792 2534 eaeentm’eernm
820 2477 850 2532 et
878 2468 1090 2550 epiepeloram·
1111 2472 1234 2550 positio.
1261 2470 1371 2553 Nepae

187 2580 305 2664 adpo&
320 2588 368 2644 ert
383 2598 426 2644 ere
439 2581 667 2644 mathematicis
681 2581 759 2644 odeo
773 2581 902 2652 etaltera,
914 2582 972 2661 pei
983 2597 1091 2653 aeram
1102 2580 1188 2644 illam
1199 2583 1370 2654 emittimet,

187 2693 333 2773 paarnoir
361 2690 418 2755 illa
438 2699 577 2755 artaretur
596 2693 663 2774 [ere
684 2709 804 2765 omnes,
824 2701 860 2755 ot
877 2700 997 2754 eertom
1015 2694 1207 2774 apparentia
1225 2693 1372 2774 syderum

187 2809 281 2883 apae
296 2808 444 2865 materam
460 2803 617 2865 rationem
634 2802 777 2865 reddant.
787 2800 860 2866 Non
877 2802 961 2865 enim
975 2803 1200 2877 mathematici,
1213 2807 1249 2866 in
1262 2822 1373 2886 epern-

188 2909 358 2975 lationilna
369 2909 540 2974 emleatinm
557 2921 701 2976 metuam
711 2921 739 2974 et
746 2912 1001 2992 ptenementim,
1015 2914 1278 2979 demonstratione
1295 2934 1374 2997 pro-

187 3024 263 3101 pter
275 3019 356 3100 quid
369 3031 601 3102 prmeeeernnt
619 3040 640 3085 a
658 3039 756 3086 aeneo
773 3022 888 3085 seilicet
905 3023 947 3084 ad
976 3023 1136 3104 effectamr
1164 3025 1217 3086 sed
1244 3025 1374 3088 denton-

188 3131 341 3194 etratione
357 3130 450 3212 quie,
466 3130 507 3194 alr
525 3131 637 3214 efferte
653 3133 695 3196 ad
711 3150 858 3196 eantare:
876 3151 975 3213 quare
987 3135 1129 3212 primam
1143 3132 1373 3198 observationes

189 3246 335 3304 meream
362 3249 392 3304 et
415 3242 658 3323 plenomenrim
685 3245 931 3313 eemettmram,
961 3242 1088 3314 deinde,
1118 3243 1165 3305 itia
1192 3245 1372 3324 enppontie,

189 3366 306 3414 eonem
333 3351 483 3433 inrepere
513 3362 542 3416 et
569 3355 734 3434 asripnare
753 3352 964 3422 conmiserat,
986 3369 1056 3431 qna
1075 3351 1136 3415 illie
1155 3354 1374 3416 convenienter

187 3462 364 3544 ruffiniani,
376 3463 579 3538 otdiaimam
590 3466 667 3528 eatis
682 3466 766 3527 enim
781 3471 839 3534 eet,
859 3470 894 3523 nt
912 3480 953 3524 en
972 3461 1032 3524 illie
1050 3472 1136 3526 certa
1151 3465 1374 3544 apparentiam

187 3581 334 3637 motam
349 3576 432 3640 ratio
450 3585 576 3639 constet.
596 3574 647 3638 Ad
664 3576 798 3638 alteram
816 3590 888 3636 nero
902 3581 1039 3653 portem,
1059 3588 1124 3652 qna
1138 3571 1254 3652 probat
1272 3576 1374 3653 ipsane

188 3699 254 3748 aon
268 3702 359 3765 poete
377 3703 442 3750 eata
459 3687 494 3748 in
513 3695 619 3751 centro
638 3687 733 3749 toties
757 3683 914 3756 llnieerei
934 3685 1012 3763 poia
1039 3680 1228 3745 Universum
1249 3691 1307 3745 aet
1330 3691 1375 3744 eet

188 3794 366 3877 amttam,
383 3804 442 3859 ant
459 3798 602 3879 finitnmr
619 3799 648 3859 ai
662 3797 835 3879 infinitam,
849 3793 1095 3872 nellnmpoterit
1107 3790 1218 3854 trabere
1230 3801 1375 3854 centrum

189 3903 488 3979 determinatamrei
499 3909 637 3990 finitum,
650 3923 751 3986 nepae
759 3905 874 3985 poterit
886 3903 956 3965 dari
975 3910 1120 3964 eentrnm
1143 3897 1299 3972 Uolumni,
1320 3901 1375 3963 lter

189 4022 235 4078 eet
256 4014 408 4080 Universa
425 4035 588 4081 commem
606 4020 641 4080 in
660 4035 722 4097 pao
740 4017 781 4077 stt
803 4011 915 4082 Terra,
936 4012 1013 4091 perio
1042 4008 1288 4090 nnampoodpne
1304 4029 1376 4075 eor-

186 4143 250 4205 pttr
266 4126 357 4190 latet
370 4131 538 4209 preprium
555 4138 715 4200 contram
733 4143 832 4207 quere
856 4121 970 4194 Terra,
989 4122 1017 4183 ei
1032 4129 1076 4184 eet
1092 4123 1127 4184 in
1142 4127 1263 4193 centro,
1279 4133 1324 4184 est
1340 4125 1375 4194 in

193 4245 295 4301 centro
302 4240 445 4320 propria,
459 4258 524 4304 non
540 4238 699 4304 Universi:
710 4238 751 4300 od
762 4238 825 4299 tae
838 4231 1070 4313 respondemus,
1088 4240 1116 4293 et
1129 4233 1232 4311 primo
1250 4233 1291 4296 ad
1304 4235 1377 4313 pri·

268 4475 300 4533 (t)
323 4475 379 4522 teat
396 4476 422 4523 la
439 4476 553 4527 Postilla
570 4477 604 4525 N*
620 4478 679 4526 ΧΗ.

275 4557 396 4617 (irenen
415 4560 655 4622 Gratim-Tan.
676 4563 721 4619 ttt.
1181 4556 1222 4608 17'
