3096 5154
584 345 816 395 asnononlcus
838 345 963 393 nuncius
1326 330 1366 393 71

181 487 359 567 liquavero
369 484 560 567 superficies
576 484 749 550 obscurior
767 501 786 546 e
806 486 924 547 contra
942 481 1093 558 videtur,
1109 484 1152 546 ch
1170 486 1366 566 fulgentium

179 613 354 671 cornuum,
370 596 476 662 aciem
493 598 643 658 nostram
660 593 961 668 obtenebrantium,
971 596 1174 659 macetum.
1186 594 1323 673 Verum,
1339 601 1366 663 si

181 708 257 788 quis
272 708 376 770 talem
394 707 456 769 sibi
473 706 574 789 eligat
591 707 709 781 situm,
724 711 763 771 ut
782 710 924 781 atecto,
941 705 996 769 vel
1013 705 1160 780 camino,
1180 711 1238 772 aut
1252 708 1366 789 aliquo

179 818 247 881 alio
264 818 360 881 obice
384 817 599 882 intervisam
621 823 655 881 et
673 816 802 883 Lunam
822 811 895 900 (sed
917 815 1033 896 procul
1056 814 1098 879 ab
1120 816 1219 881 oculo
1239 817 1364 901 posito)

177 944 305 993 cornua
324 929 396 1009 ipsa
411 927 559 992 lucentia
571 927 797 1001 occultentur;
807 942 976 1008 parspere
986 926 1114 1007 reliqua
1129 927 1256 997 lunaris
1276 928 1365 1010 globi

179 1038 325 1119 aspectui
336 1038 611 1119 nostroexposita
621 1037 843 1118 relinquatur,
861 1040 942 1102 tunc
960 1037 1035 1104 luce
1054 1046 1121 1102 aon
1139 1038 1363 1119 exiguabanc

179 1166 311 1230 quoque
331 1147 433 1212 Lunae
448 1150 596 1230 plagam,
615 1148 693 1212 licet
711 1147 813 1212 solari
831 1148 957 1212 lumine
974 1147 1178 1224 destitutam,
1196 1149 1367 1230 splendere

183 1259 417 1341 deprehendet,
434 1258 533 1340 idque
551 1259 774 1341 potissimum,
792 1258 821 1321 si
835 1257 907 1339 jam
925 1261 1110 1321 aoctumus
1123 1256 1243 1323 horror
1253 1261 1295 1324 oh
1306 1260 1367 1326 So-

180 1369 223 1434 lis
239 1371 423 1435 absentiam
440 1371 634 1444 increverit3
652 1370 688 1434 ia
705 1386 825 1450 campo
850 1369 940 1432 enim
963 1367 1148 1433 obscuriori
1170 1370 1286 1436 eadem
1307 1372 1367 1449 lux

179 1481 303 1545 clarior
319 1488 466 1564 apparet
483 1480 699 1564 (lampertum
716 1481 852 1562 insuper
869 1484 919 1544 est
936 1480 1024 1544 hano
1044 1481 1237 1558 secundam,
1259 1488 1298 1548 ut
1318 1484 1366 1547 ita

179 1590 304 1669 dicam,
333 1592 435 1660 Lunae
464 1593 651 1658 claritatem
674 1595 840 1677 majorem
861 1608 931 1657 esse
949 1609 1016 1673 quo
1035 1594 1106 1675 ipsa
1123 1595 1234 1660 miuus
1251 1614 1272 1660 a
1292 1593 1366 1662 Sole

180 1703 294 1768 distat:
310 1722 376 1786 per
385 1706 628 1788 elongationem
644 1706 734 1770 enim
745 1704 789 1769 ab
799 1721 840 1769 eo
857 1704 1038 1769 remittitur
1055 1705 1163 1786 magis
1182 1708 1363 1789 magisque,

179 1815 264 1879 adeo
281 1820 320 1881 ut
337 1824 411 1899 post
432 1817 574 1899 primam
602 1818 856 1900 quadraturam,
876 1823 910 1882 et
933 1823 1011 1885 aute
1032 1819 1227 1893 secundam,
1250 1820 1366 1884 debilis

177 1933 211 1992 et
227 1928 408 1996 admodum
425 1930 554 1996 incerta
570 1933 809 2014 comperiatur,
827 1930 904 1994 licet
919 1931 955 1994 in
972 1929 1157 1996 obscuriori
1177 1929 1272 1995 Coelo‘
1287 1948 1362 2012 spe-

176 2043 300 2115 ctetur3
318 2058 397 2105 cum
415 2047 527 2106 tamen
546 2044 581 2106 la
611 2041 723 2106 sextili
745 2046 779 2107 et
809 2041 931 2107 minori
961 2041 1185 2122 elongatione,
1212 2044 1366 2124 quamvis

179 2149 266 2212 iuter
282 2154 492 2231 crepuscula,
511 2157 634 2220 mirum
650 2156 687 2220 ln
705 2154 843 2220 modum
871 2154 1014 2234 fulgeat3
1042 2151 1183 2234 fulgeat,
1212 2152 1364 2234 inquam,

181 2256 280 2332 adeo,
304 2263 344 2321 ut
370 2277 431 2340 ope
458 2267 571 2328 exacti
593 2264 775 2347 Perspioilli
792 2281 923 2346 magne
938 2263 1081 2329 maculae
1099 2264 1135 2327 in
1152 2265 1223 2346 ipsa
1241 2264 1364 2328 distin·

178 2371 335 2447 guantur.
353 2367 415 2432 Hic
443 2371 607 2435 mirabilis
633 2375 744 2456 thlgor
772 2390 840 2437 non
867 2374 1033 2438 modicam
1057 2374 1367 2456 philosophantibus

181 2476 295 2543 intulit
312 2478 582 2559 admirationem
601 2483 775 2565 proculus
789 2500 890 2548 causa
910 2483 1077 2548 afferenda
1095 2484 1152 2546 alii
1164 2484 1231 2546 alia
1243 2487 1277 2547 iu
1292 2501 1364 2547 me·

178 2586 270 2652 dium
297 2591 517 2670 protulerunt.
543 2590 688 2668 Quidam
716 2594 805 2657 enim
824 2595 996 2676 proprium
1015 2611 1100 2670 esse,
1120 2611 1158 2658 ae
1177 2597 1365 2659 naturalem

176 2697 349 2779 ipsiusmet
365 2699 467 2765 lune
483 2702 692 2783 splendorem
709 2704 881 2778 dixerunt;
898 2705 957 2769 alii
976 2722 997 2770 a
1011 2705 1139 2770 Venere
1154 2705 1203 2769 illi
1218 2721 1287 2769 esse
1299 2706 1363 2770 im·

176 2811 349 2892 pertituma
367 2811 426 2876 alii
437 2829 459 2877 a
471 2813 575 2877 stellis
589 2814 759 2889 omnihus3
777 2815 836 2879 alii
853 2833 874 2879 a
892 2814 982 2891 Sole,
999 2817 1059 2897 qui
1076 2814 1181 2880 radiis
1198 2816 1269 2881 suis
1285 2832 1365 2898 pro-

176 2921 315 2987 fundam
329 2921 431 2987 Luuu
450 2923 656 2988 soliditatem
672 2929 831 3006 permeet.
848 2924 974 2992 Verum
994 2925 1224 3007 huiuscemodi
1238 2927 1366 3007 prolata

177 3032 298 3112 exiguo
308 3033 422 3097 labore
433 3040 677 3115 coarguuntur,
691 3053 731 3100 ac
745 3036 902 3102 falsitatis
919 3036 1131 3101 evincuntur.
1142 3016 1184 3100 bi
1204 3035 1293 3098 enim
1309 3042 1367 3100 aut

177 3143 347 3222 proprium
367 3148 468 3218 esset,
485 3149 545 3209 aut
566 3162 587 3208 a
610 3144 719 3211 Stellis
747 3146 906 3212 collatum
936 3144 1098 3227 ejusmodi
1122 3145 1250 3217 lumea,
1280 3145 1362 3209 illud

178 3252 324 3316 maxime
336 3253 371 3316 iu
388 3254 572 3337 Eelipsibus
589 3256 745 3321 retineret
769 3256 1035 3338 ostenderetque,
1052 3272 1131 3323 cum
1149 3256 1184 3319 in
1195 3256 1364 3321 obscuris·

178 3363 589 3442 simocoelodestituatur3
602 3367 691 3449 quod
702 3373 817 3431 tamen
836 3366 1032 3432 adversatur
1049 3367 1276 3448 experientiaz
1295 3366 1363 3431 tul-

180 3493 240 3558 gor
257 3476 362 3553 euim,
379 3477 438 3558 qui
456 3477 490 3540 in
509 3478 663 3560 deliquiis
680 3484 816 3560 apparet
836 3479 871 3542 in
893 3476 1004 3554 Luna,
1036 3478 1133 3558 longe
1161 3479 1272 3542 minor
1302 3480 1366 3545 est.

177 3587 335 3653 subrutus
358 3604 397 3652 ac
426 3589 523 3668 quasi
552 3605 679 3663 aeneum
707 3588 763 3652 hic
786 3604 868 3652 vero
895 3588 1019 3652 clarior
1037 3594 1071 3653 et
1099 3586 1281 3651 candidior.
1307 3585 1365 3650 Est

178 3699 313 3780 insuper
332 3699 388 3763 ille
402 3700 585 3775 mutabilis,
605 3717 644 3764 ac
663 3700 737 3763 loco
755 3699 901 3774 mobilis;
918 3704 1062 3780 vagatur
1079 3697 1169 3761 enim
1187 3715 1248 3778 per
1257 3697 1361 3761 aune

176 3811 311 3884 faciem,
329 3809 412 3873 adea
428 3815 467 3874 ut
485 3827 562 3892 pars
579 3811 654 3886 illa,
670 3827 744 3892 quae
759 3810 952 3891 peripheria
970 3808 1090 3874 circuli
1107 3808 1234 3872 umbras
1253 3813 1361 3871 terre-

178 3923 255 3986 stris
276 3920 491 4002 propinquior
512 3925 576 3996 est,
605 3920 741 3994 clarior,
768 3919 896 4000 reliqua
925 3935 1007 3984 vero
1035 3918 1209 3983 obscurior
1233 3931 1361 3995 semper
1498 3992 1502 4000 ἢ

178 4037 357 4114 spectetur:
373 4048 416 4094 ex
427 4047 495 4112 quo
514 4031 606 4094 omni
624 4028 742 4112 procul
759 4028 862 4094 dubio
875 4030 909 4094 id
924 4029 1075 4094 accidere
1086 4026 1312 4107 intelligimus,
1320 4041 1363 4088 ex

177 4143 348 4207 radiorum
366 4141 531 4208 Solarium
549 4140 724 4205 vicinitate
743 4140 953 4221 tangentium
971 4140 1166 4204 crassiorem
1184 4133 1364 4218 quamdam

160 4253 452 4334 regionemque
473 4250 602 4316 Lunam
632 4250 863 4317 orbiculariter
890 4250 1009 4325 ambit;
1034 4269 1077 4315 ex
1104 4265 1176 4332 qao
1201 4248 1360 4311 contactu

180 4380 299 4429 aurora
328 4366 482 4447 quaedam
507 4365 541 4427 iu
564 4364 694 4429 vicinas
711 4362 814 4428 Luuae
838 4364 954 4445 plagas
968 4361 1167 4437 offunditur,
1185 4375 1252 4423 non
1272 4366 1365 4418 secus

181 4490 220 4538 ac
240 4477 274 4539 in
290 4479 387 4542 terris
404 4483 476 4544 tum
492 4494 605 4554 mane,
625 4481 697 4541 tum
713 4475 1122 4558 vesperierepusculinum
1133 4470 1298 4554 spargitur
1309 4461 1362 4523 lu-
