3096 5154
504 354 543 400 oa
566 350 771 400 sennonteus
794 352 823 399 ns
844 351 924 399 oens
947 351 1033 398 essee
1293 330 1355 399 stt

175 497 267 572 pacto
281 489 386 551 lnnun
397 490 514 570 ipsum,
526 491 624 553 veluti
641 489 778 570 qualitas
796 489 891 552 realis
909 496 938 552 et
955 484 1184 558 intentionalis,
1199 485 1357 567 produca-

179 610 241 664 tnr.
260 597 508 682 supponendum
524 608 630 664 autem
647 608 706 673 est,
721 598 854 683 quodab
866 596 1031 663 Aristotele
1042 597 1160 662 dicitsu
1170 595 1234 660 loco
1244 599 1357 678 sapius

178 711 273 775 citato
290 710 312 773 2
331 711 366 772 de
386 712 497 774 anima
521 729 588 792 cap.
606 710 638 785 'l,
654 719 738 793 part.
757 710 799 776 69
817 717 847 773 et
865 709 918 784 70,
936 710 1041 773 lumen
1068 726 1133 772 esee
1155 709 1359 795 praeentiam

179 822 315 902 corporis
332 819 429 883 incidi
446 821 481 882 in
491 821 671 902 perspiciam
689 820 773 902 quod
789 811 1202 902 carnaliterintelliqendum
1212 827 1271 892 est,
1280 834 1359 900 pro·

179 928 232 994 cul
256 929 367 1005 dubio,
395 948 460 993 non
488 930 680 1012 formaliter:
706 949 747 994 eo
775 946 838 1013 quo
860 932 1017 1013 seqnitur,
1037 947 1149 1012 corpus
1168 929 1306 993 lucidum
1323 930 1360 992 in

178 1042 343 1122 perspicuo
361 1040 423 1104 duo
440 1057 589 1104 causare:
606 1042 746 1117 radium,
766 1045 822 1124 qui
839 1042 918 1106 nibil
934 1042 1023 1106 aliud
1040 1049 1086 1104 est
1102 1042 1166 1105 nisi
1184 1040 1241 1104 luo
1255 1040 1359 1122 primo

177 1150 331 1232 producta
349 1168 369 1214 a
386 1169 511 1233 corpore
531 1151 647 1226 lucidos
663 1160 692 1215 et
710 1152 829 1228 lumen,
848 1153 932 1236 quod
945 1161 990 1217 est
1007 1161 1097 1217 aetus
1115 1152 1276 1234 diapbani.
1287 1144 1360 1214 Non

177 1260 367 1341 producitur
382 1270 488 1325 antem
505 1260 610 1325 lumen
626 1279 648 1325 a
664 1262 755 1327 radio
770 1264 805 1326 in
819 1263 990 1344 diaplsano,
1002 1264 1066 1327 nisi
1074 1264 1165 1344 prins
1175 1260 1359 1342 adopacum

180 1369 282 1450 fuerit
300 1372 518 1445 tenninatnmr
538 1388 575 1435 oc
602 1372 732 1453 proinde
760 1372 897 1437 secunda
927 1372 985 1437 lua
1014 1371 1165 1456 appellari
1189 1369 1359 1436 consuerit.

182 1477 306 1542 Lumen
323 1483 427 1563 ipsum
443 1483 512 1555 boc,
532 1489 622 1546 actus
640 1481 804 1564 diapbani,
823 1484 886 1546 sive
898 1483 1168 1555 temserundaria,
1179 1477 1360 1546 nibilalind

181 1597 227 1652 est
256 1590 320 1655 nisi
348 1593 452 1674 imaqo
480 1592 624 1674 quadarn
642 1601 671 1657 et
688 1595 801 1675 species
815 1594 900 1658 radii
917 1611 954 1658 ac
973 1593 1050 1658 lueis
1064 1593 1168 1674 prima
1182 1591 1360 1674 producta:

181 1691 442 1782 quemadmodum
459 1704 544 1767 enim
561 1705 597 1768 in
612 1704 769 1787 diapbano
779 1705 969 1780 illuminato,
981 1722 1093 1786 eorpus
1104 1711 1178 1768 cetu
1189 1702 1360 1767 eobratum

181 1811 232 1874 sui
245 1811 377 1892 speciem
389 1813 549 1895 producit,
567 1833 638 1896 qua
656 1817 693 1879 in
709 1814 808 1879 medio
826 1815 983 1896 diapbano
996 1815 1202 1878 interminato
1223 1829 1289 1876 non
1310 1810 1361 1876 oi-

182 1920 286 1996 detur,
315 1930 349 1986 at
374 1924 409 1987 in
428 1925 587 2008 diapbano
605 1928 771 1992 tenninato
786 1926 911 1991 ridetur
928 1923 984 2010 (nt
996 1932 1083 2007 patet
1100 1927 1136 1990 in
1153 1924 1359 2007 imaqinibus,

181 2049 260 2114 quas
277 2049 299 2096 a
316 2032 486 2116 crystallis,
501 2035 630 2117 plumbo
649 2055 714 2101 non
733 2038 924 2110 terminatis,
941 2037 1070 2100 minime
1087 2038 1202 2121 referri
1210 2036 1361 2108 ridemm,

181 2151 215 2206 ot
233 2159 306 2206 uero
323 2160 344 2206 a
363 2147 540 2209 terminatis
558 2147 612 2228 req⁴
667 2145 707 2231 ').·
724 2147 771 2210 ita
792 2146 920 2222 radius,
948 2149 984 2212 in
1012 2147 1169 2230 diopbano
1194 2146 1362 2211 terminato

183 2261 339 2334 receptur,
350 2271 419 2318 eam
429 2255 598 2336 imaqinern
614 2255 770 2338 producit,
787 2275 857 2339 qua
875 2266 970 2322 antea
987 2260 1023 2322 in
1041 2257 1198 2341 diapbano
1215 2255 1363 2320 intermi-

185 2372 263 2428 nato
279 2381 344 2429 non
359 2365 466 2446 fuerat
483 2365 627 2438 risibilis,
647 2385 720 2431 cnm
737 2367 872 2447 efflueret
890 2385 991 2451 neque
1008 2369 1215 2442 retineretur,-
1237 2387 1278 2432 σω
1300 2382 1363 2430 na-

185 2484 260 2539 turo
277 2483 383 2539 autem
401 2476 551 2559 diapbani
569 2478 743 2552 terminati,
761 2478 892 2542 risibilis
909 2480 1065 2544 retinetur
1083 2487 1113 2542 et
1130 2480 1282 2562 refertur,
1298 2495 1363 2541 non

183 2588 252 2667 ipsa
268 2576 393 2680 quidem
403 2588 521 2670 reflexa
540 2587 663 2672 (imaqo
680 2591 765 2653 enim
780 2607 845 2653 non
862 2589 1067 2675 reflectitur),
1085 2591 1138 2654 sed
1154 2608 1176 2655 a
1194 2590 1283 2655 radio
1297 2596 1362 2652 ter-

180 2699 301 2762 minato
319 2707 349 2762 et
365 2699 495 2782 retieao,
513 2701 577 2764 sioe
597 2702 748 2782 retracto,
768 2702 802 2764 in
821 2701 978 2784 diapltano
991 2701 1156 2784 producta,
1173 2702 1219 2764 ita
1236 2707 1272 2763 ut
1289 2697 1362 2761 dia·

177 2813 321 2892 pbanssm
334 2813 440 2893 ipsum
458 2819 558 2875 totum
576 2812 715 2893 undique
732 2813 838 2875 statim
855 2820 960 2876 aetuet
980 2821 1010 2876 et
1034 2813 1190 2894 perficiat,
1219 2827 1284 2874 non
1311 2825 1361 2870 se*

182 2923 322 2986 cundum
349 2923 581 2986 dimensionum
609 2930 759 2986 naturam
787 2931 817 2986 et
844 2926 1048 3006 capacitatem
1069 2922 1215 2994 inducta,
1244 2917 1383 3017 sedda-

183 3051 327 3115 corporeo
354 3040 449 3115 atque
471 3033 507 3096 in
525 3030 663 3096 dimenso
680 3033 783 3106 modo,
804 3041 833 3096 et
847 3035 975 3098 omnino
992 3035 1038 3096 ita
1052 3033 1088 3095 in
1105 3031 1205 3094 medio
1222 3033 1360 3109 recepta,

184 3143 442 3224 quemadmodum
459 3151 633 3210 ceterorum
650 3143 821 3207 visibilium
840 3145 990 3224 imaqines
1008 3143 1044 3205 in
1054 3139 1143 3205 oculo
1152 3139 1361 3221 recipiuntur,

184 3254 253 3316 sine
262 3255 395 3318 materia
403 3254 517 3318 scilicet
533 3253 549 3338 (
551 3254 635 3336 quod
651 3271 812 3318 commune
832 3255 926 3316 etiam
943 3260 987 3315 est
1006 3252 1114 3316 ceteris
1129 3245 1358 3331 sensibilibus),

184 3381 286 3445 neque
302 3364 459 3428 materiali
471 3364 570 3429 modo.
590 3363 697 3447 Neque
716 3366 800 3427 enim
815 3381 872 3444 per
889 3370 993 3444 portes
1018 3360 1155 3426 colorato
1182 3361 1359 3446 superficies

182 3490 248 3537 sese
265 3474 345 3538 mibi
361 3474 463 3558 offert,
481 3494 538 3539 nec
556 3475 727 3538 secundum
744 3491 813 3537 eam
830 3472 1069 3544 dimensionem,
1081 3471 1252 3535 seeundum
1263 3487 1360 3552 qnam

180 3586 336 3667 recipitur
349 3603 409 3667 per
428 3587 573 3668 foramen
588 3603 673 3649 noea
692 3592 721 3648 et
734 3582 900 3666 pupillam:
920 3582 1064 3665 quamvis
1083 3599 1148 3645 non
1165 3581 1233 3643 sine
1250 3578 1360 3644 condi·

180 3695 320 3760 tionibus
337 3698 495 3770 materiei:
513 3695 680 3778 bipedalem
698 3696 783 3758 enim
800 3694 888 3759 oideo
905 3693 1077 3759 albedinem
1095 3690 1143 3756 rel
1154 3689 1359 3772 niqredinem:

180 3817 211 3871 et
228 3808 286 3872 boc
304 3815 361 3880 est,
380 3807 486 3871 luccen
503 3825 567 3872 esse
582 3807 780 3890 qualitatem,
796 3814 833 3869 nt
847 3806 972 3878 dicunt,
985 3803 1359 3884 intentionalemrquem·

179 3917 348 3983 admodum
365 3919 496 3983 dicimus
514 3918 736 3983 intentionoles
759 3935 822 3981 esse
852 3917 965 3998 species
983 3932 1092 3979 rerum
1114 3932 1184 3996 qno
1212 3913 1360 3976 sentiun-

181 4035 250 4099 tur,
266 4035 296 4091 et
313 4028 483 4108 imaqinem
499 4031 535 4092 in
552 4027 686 4109 speculo,
706 4045 775 4108 qua
786 4033 951 4108 propterea
970 4033 999 4088 et
1017 4033 1082 4090 tota
1100 4026 1136 4089 in
1154 4031 1216 4088 toto
1238 4023 1359 4104 speculo

180 4145 441 4218 representatur,
461 4146 490 4202 et
507 4147 571 4202 toto
589 4140 625 4201 in
643 4135 780 4218 qualibet
797 4135 912 4218 speculi
927 4143 1202 4216 porteretooeem,
1214 4152 1284 4217 quo
1296 4142 1361 4200 tota

180 4247 221 4310 ab
238 4265 304 4311 nno
322 4249 446 4313 bomine
464 4257 494 4311 et
513 4256 577 4312 tota
595 4247 636 4312 ab
650 4247 826 4310 innumeris
834 4246 1023 4328 percipitur,
1035 4245 1322 4328 quemadmodumi
1342 4278 1360 4292 -

181 4357 249 4420 sins
260 4357 484 4440 explicabimus
495 4361 532 4422 in
543 4360 660 4424 nostris
671 4357 918 4433 commentariis,
932 4374 1002 4440 qua
1020 4359 1056 4422 in
1073 4354 1249 4424 Aristotelis
1266 4357 1359 4422 libror

180 4465 219 4528 de
234 4468 358 4546 anima,
371 4467 436 4532 Deo
449 4469 599 4549 juvante,
614 4469 793 4551 propediem
802 4468 936 4534 edemus.
955 4467 999 4534 At
1016 4471 1168 4552 quomodo
1179 4470 1243 4534 bac
1254 4465 1359 4530 eodem
