3096 5154
507 366 546 411 oc
570 360 776 413 edunensis
800 362 829 411 uc
851 362 931 410 onos
956 362 1042 410 cunm
1298 326 1362 408 '323

181 503 316 590 figenda
342 501 426 568 adeo
455 507 544 567 recle
574 507 725 567 tornatus
754 503 811 577 sil,
837 509 874 566 ut
890 501 974 565 nihil
990 506 1048 565 aul
1066 516 1169 564 manu
1186 499 1309 565 iactum
1328 516 1362 563 sc

178 615 298 680 lrabeat
316 614 469 679 simililer
488 619 551 678 etc.
570 611 653 676 Nam
672 614 700 674 si
718 612 753 674 de
770 610 892 676 Mundo
906 611 1018 673 statuit
1036 609 1277 680 conclusionem,
1290 627 1362 689 erpo

177 741 244 790 non
261 722 298 786 de
315 741 381 786 uno
399 722 473 788 orire
486 720 590 804 primo
608 729 748 793 tantum:
767 739 838 783 cum
858 718 974 784 Mundi
997 718 1161 792 uocabulo,
1184 720 1252 782 sine
1274 719 1363 782 adie-

178 837 279 899 ctione
293 834 508 915 pronunciata
526 831 628 917 (uelut
642 835 737 896 etiam
756 829 848 915 Coeli)
867 830 1041 911 aliquando
1065 827 1246 894 Aristoteles
1269 830 1362 894 intel-

180 941 256 1024 lipat
286 949 387 1006 totum
420 940 621 1016 Universum,
635 941 808 1022 aliquando
826 948 921 1005 totam
939 940 1108 1003 celestium
1124 939 1249 1003 orbium
1267 959 1361 1022 coap-

177 1053 420 1116 monterionem:
437 1071 509 1116 cum
537 1059 644 1116 autem
674 1053 722 1114 llic
753 1069 818 1115 non
843 1051 940 1132 possit
968 1049 1139 1130 intellipere
1173 1047 1362 1116 Universum

180 1164 284 1248 (qaod
307 1171 394 1247 patet
423 1182 463 1228 ecc
485 1183 533 1237 eo,
552 1164 636 1245 quod
654 1163 750 1244 nujus
772 1162 888 1226 Mundi
901 1161 1125 1226 rotunditatem
1144 1171 1303 1243 comparat
1321 1164 1363 1226 ad

178 1273 407 1338 rotunditatem
435 1273 692 1358 elementorum),·
708 1273 866 1354 reliquum
884 1280 943 1344 est,
961 1279 998 1334 ut
1016 1270 1168 1352 intellipat
1183 1290 1242 1353 per
1260 1271 1362 1338 Mun-

181 1381 258 1446 dum
275 1390 373 1446 totum
393 1381 509 1447 Colum
526 1392 731 1464 apocopatum
749 1401 790 1446 eu
807 1380 961 1446 omnibus.
985 1378 1091 1456 Quare
1114 1381 1150 1444 de
1174 1390 1235 1447 toto
1264 1380 1359 1457 Coelo,

178 1510 218 1557 ac
236 1493 273 1556 de
290 1492 435 1558 omnibus
454 1493 523 1574 eius
541 1494 700 1575 partibus,
720 1495 801 1556 nanc
818 1493 930 1555 statuit
950 1491 1194 1568 conclusionem,
1217 1493 1301 1574 quod
1319 1495 1361 1556 sit

175 1603 310 1684 perfecte
328 1603 516 1678 rotundum·
535 1607 569 1668 in
585 1622 650 1686 pua
668 1603 935 1685 coopmentotione
949 1602 1091 1665 omnium
1104 1600 1242 1675 arbium,
1257 1601 1362 1666 inclu-

179 1710 266 1775 ditur
284 1713 380 1775 eliam
398 1714 482 1777 orbis
501 1723 531 1778 et
548 1714 656 1796 plolm
674 1713 790 1777 Luna:
808 1731 881 1776 cum
898 1721 1005 1776 autem
1033 1713 1124 1778 nolu
1152 1717 1361 1796 comparatio-

179 1838 264 1895 nem,
285 1840 351 1887 nan
368 1823 459 1888 nolu
477 1824 565 1890 illam
582 1825 625 1888 ad
643 1822 718 1888 Caii
739 1823 827 1888 orbes
846 1831 903 1888 aut
919 1831 1040 1904 partes,
1058 1823 1164 1887 sedad
1177 1824 1358 1905 inferiorem

180 1929 352 2010 Mundam,
369 1943 514 2017 respectu
531 1936 623 2017 cuius
642 1935 716 1999 dicit
737 1934 853 1998 Colum
872 1952 935 1998 esse
950 1934 1171 2015 perfectissime
1189 1942 1358 2006 tornatum,

179 2044 439 2124 quemadmodum
467 2054 563 2128 atque
592 2055 636 2109 est
663 2055 804 2127 respectu
830 2045 935 2109 Terra
955 2053 984 2108 et
1002 2045 1232 2109 elementorum.
1252 2043 1359 2121 Quare

179 2171 326 2234 corpora,
337 2173 406 2235 qua
417 2165 562 2221 coactam
573 2159 752 2223 sortiuntur
762 2159 961 2231 mintionem,
981 2166 1088 2220 exacte
1107 2156 1196 2220 loeoia
1214 2165 1243 2219 et
1260 2175 1358 2220 unam

181 2264 374 2347 superficiem
388 2265 534 2331 labentia
551 2268 708 2343 uidemus,·
730 2277 765 2332 ut
795 2286 926 2341 aurum,
957 2269 1040 2349 quod
1069 2277 1178 2332 exacte
1207 2269 1358 2344 mixtum,

181 2381 292 2438 coacte
322 2373 497 2457 laripatum
525 2385 585 2452 este
615 2387 644 2442 et
670 2378 784 2444 Medici
809 2386 988 2442 concoctum
1001 2396 1063 2459 pus
1081 2385 1139 2440 aut
1157 2377 1360 2442 sedimentum

181 2485 366 2550 existimant
384 2483 444 2574 (1),
464 2507 534 2553 cum
552 2492 745 2574 superficiem
765 2489 855 2553 dalet
874 2488 978 2552 lavem
996 2496 1025 2551 et
1040 2486 1200 2569 aqualem
1237 2485 1358 2562 Quare,

178 2597 209 2660 si
223 2598 377 2679 deperdas
393 2607 424 2662 et
438 2600 638 2682 inequalitas
657 2600 829 2684 superficiei
846 2605 881 2663 in
904 2600 952 2663 lis
980 2597 1184 2681 inferioribus
1213 2599 1360 2680 imperfe-

178 2708 295 2772 ctiones
311 2711 434 2790 arpuit,
454 2718 484 2774 et
502 2729 523 2775 a
537 2711 650 2775 celesti
668 2729 793 2793 corpore
805 2727 910 2774 omnes
923 2709 1170 2791 imperfectiones
1183 2708 1295 2772 lterum
1307 2709 1361 2771 in-

177 2817 331 2899 [morum
348 2818 453 2884 abesse
471 2821 613 2886 credibile
630 2830 688 2895 est,
709 2821 780 2884 iude
800 2819 1003 2884 statuendum
1021 2820 1095 2893 erit,
1109 2837 1209 2901 neque
1221 2821 1256 2882 in
1267 2817 1360 2882 Luna

180 2928 243 2994 nac
259 2946 324 2994 ecre
343 2929 468 3005 tubera,
488 2951 587 3015 neque
607 2934 663 2997 nos
682 2931 851 3015 inaquales
869 2931 1043 3015 superficiei
1059 2930 1252 3010 asperitates.

691 3193 766 3260 Cre.
791 3193 846 3258 xl.

179 3372 364 3458 proponitur
376 3380 516 3446 Auctoris
529 3383 683 3460 sententia,
692 3387 723 3445 et
732 3387 816 3445 cerlo
825 3379 1062 3444 Phaenomcntsm
1074 3395 1167 3441 causo
1179 3377 1359 3458 assignatur.

175 3618 180 3627 -
268 3575 349 3642 Cum
366 3580 465 3661 mitur
481 3591 538 3647 aut
568 3585 632 3648 leuc
662 3583 876 3648 Pitanomena
894 3580 937 3645 ad
954 3597 1041 3645 veros
1069 3587 1188 3643 montes
1217 3585 1246 3640 et
1268 3594 1358 3641 veras

178 3683 288 3759 cades,
306 3706 346 3752 ac
366 3707 437 3755 uere
463 3696 675 3774 prominentes
693 3695 741 3759 vel
757 3695 915 3776 depressas
929 3701 1036 3776 parles
1055 3693 1090 3755 iu
1108 3688 1203 3753 Luna
1221 3690 1360 3752 existen-

178 3803 237 3872 tes,
256 3798 372 3879 referri
399 3800 540 3878 debeam,
571 3813 627 3870 out
650 3805 693 3868 ad
716 3813 917 3887 apparentes,
937 3822 1001 3867 non
1025 3810 1130 3865 tamen
1147 3816 1255 3871 veras:
1272 3807 1301 3860 et
1319 3816 1360 3859 coc

177 3907 346 3988 sufficienti
359 3915 592 3978 enumeratione
611 3916 772 3998 leucosque
787 3914 955 3996 prolatum
972 3913 1085 3993 tuerit,
1104 3928 1167 3974 non
1182 3925 1271 3990 posse
1289 3924 1359 3969 uere

179 4014 223 4079 ili
239 4026 359 4082 mantes
377 4037 415 4084 ac
433 4022 526 4086 vales
544 4027 694 4101 euistere,
712 4044 784 4090 cum
802 4044 902 4107 nepae
918 4024 1039 4104 possint
1061 4040 1124 4085 esso
1147 4019 1285 4101 ejusdem
1303 4037 1360 4083 ra-

180 4128 271 4192 tionis
292 4147 367 4194 cum
395 4135 511 4197 nostris
541 4144 569 4199 et
598 4155 639 4200 eor
668 4136 835 4201 sublunari
864 4134 1013 4208 materia,
1033 4152 1134 4215 neque
1157 4131 1285 4196 diverso
1303 4150 1361 4194 ro-

180 4237 287 4314 tionis,
306 4251 365 4306 aul
383 4261 425 4307 ecc
443 4244 557 4309 celesti
581 4246 775 4312 substantia:
793 4246 951 4328 reliquum
969 4246 1029 4310 erit
1052 4245 1164 4316 dicere,
1185 4261 1221 4305 ea
1240 4250 1360 4324 spectra

256 4479 289 4540 (l)
311 4482 368 4535 Vedi
384 4483 410 4532 la
427 4484 541 4538 Postilla
557 4485 591 4535 Νθ
607 4489 676 4538 ΧΗ.
