3304 5282
317 395 382 466 328
699 409 801 460 sacras
823 411 930 461 cassa
951 411 991 460 ss
1012 411 1111 460 araca

317 552 402 618 bacis
429 558 459 615 et
485 547 664 632 apmbitar
692 565 782 622 nam,
806 565 872 631 aaa
886 556 978 630 parte
993 546 1089 612 Lana
1105 554 1149 612 est
1169 543 1349 630 trampima
1367 555 1398 612 et
1415 547 1500 615 tacis

314 661 503 744 susceptiva,
514 658 689 724 ramsolam
700 659 873 722 merendam
883 661 1089 742 saperpciem,
1100 675 1210 724 aeram
1220 659 1501 724 etiamreeandsme

316 771 540 845 sabaarim,
564 777 696 834 eateoas
725 769 813 834 clara
839 776 984 852 apparet,
1013 769 1157 851 qaamois
1184 767 1349 834 irradiatio
1364 769 1409 834 ad
1425 785 1503 835 cam

311 889 436 966 portem
452 879 555 944 adbac
573 895 638 944 mom
652 880 847 962 pervenerit,-
863 896 928 960 pac
945 887 1052 942 comm
1061 885 1154 960 parte
1172 893 1270 961 opaca
1292 883 1337 940 est
1359 895 1417 940 nec
1446 875 1503 942 iss·

316 993 411 1056 mimis
439 990 629 1072 susceptiva,
649 997 778 1054 eatmm
792 987 927 1054 abscara
947 989 1087 1063 ridetur,
1107 1005 1180 1052 cam
1198 987 1305 1052 tamem
1319 987 1402 1068 mess,
1420 987 1501 1052 sab-

315 1101 467 1166 stantiam
483 1117 549 1164 mon
561 1099 751 1182 pervadens,
765 1099 852 1164 ittam
868 1099 971 1163 adbac
1000 1098 1159 1164 ittaetrare
1186 1115 1253 1162 nom
1277 1099 1385 1180 possit.
1416 1097 1500 1164 cren

315 1221 390 1269 cero
406 1201 605 1286 inapaaiiter
622 1202 671 1266 bis
680 1201 826 1284 partibas
855 1201 1002 1268 distincto
1030 1203 1071 1266 sit
1097 1197 1208 1276 Lana,
1235 1202 1499 1284 qaemaamaam

315 1313 454 1378 ridemm
481 1329 673 1376 marnoareas
697 1311 780 1394 pilas
809 1314 908 1377 ocriir
926 1311 1065 1378 eaioram
1082 1311 1214 1378 maeatis
1232 1311 1412 1388 distinctas:
1429 1332 1498 1381 mom

315 1425 434 1490 miram
450 1430 508 1497 est,
526 1423 555 1486 si
574 1421 672 1496 tinea,
691 1421 870 1487 dmemnems
889 1421 1028 1488 incidam
1049 1421 1091 1486 ab
1111 1439 1220 1504 opaea,
1251 1423 1418 1504 inaerabis
1445 1426 1498 1490 oi-

315 1534 429 1599 deatser
444 1549 482 1598 ac
500 1533 631 1598 siaaaso
648 1531 696 1597 oet
709 1531 869 1596 tuberosa:
881 1533 939 1596 etsi
949 1533 1033 1598 emin
1043 1533 1217 1616 saperpeies
1230 1531 1315 1596 iocis
1325 1533 1497 1615 etoqaatis

314 1645 369 1718 sit,
388 1652 493 1708 tantem
510 1660 576 1708 nom
593 1651 639 1707 est
656 1641 807 1707 similaris
837 1643 873 1706 in
900 1641 1096 1724 suscipiendo
1124 1642 1257 1717 iamim,
1286 1641 1339 1707 sed
1364 1641 1496 1710 diosrsoe

314 1752 441 1818 ommino
457 1754 608 1827 rationisc
623 1769 722 1836 paare
741 1750 796 1814 abi
810 1767 887 1833 pars
907 1753 1091 1836 transpicao
1108 1753 1325 1835 eaporripitar
1341 1771 1440 1838 serpae
1457 1756 1497 1818 im

312 1881 441 1946 opacam
459 1863 559 1928 Lama
572 1872 710 1945 partem,
730 1862 835 1926 tomen
854 1863 900 1928 ito
914 1863 1037 1946 pariter
1054 1861 1097 1928 ad
1117 1863 1248 1928 eandem
1270 1861 1496 1944 ionpitadinem

309 1975 487 2055 porripitar
505 1975 593 2036 intra
609 1989 757 2054 opacam
773 1971 830 2037 abi
846 1983 952 2038 autem
968 1973 1079 2056 aiipaa
1092 1991 1168 2055 pars
1185 1973 1284 2056 faerit
1293 1972 1394 2056 jacta
1411 1974 1496 2040 taei-

314 2081 387 2146 dam
415 2097 513 2163 opaca
541 2089 571 2144 et
598 2081 712 2146 bamini
740 2083 907 2164 impervia,
936 2082 982 2147 ibi
997 2083 1132 2148 ebream
1148 2090 1292 2166 apparet:
1305 2101 1391 2166 qao,
1408 2086 1439 2149 ri
1455 2086 1494 2150 im

315 2189 443 2269 ionpam
454 2191 633 2271 porripitssr
650 2193 739 2255 intro
753 2191 938 2258 itiaminata
951 2195 1055 2275 partis
1069 2195 1222 2275 aporiam,
1231 2197 1352 2278 pariter
1360 2204 1495 2261 enisam

313 2297 449 2372 ridetur,
467 2301 560 2364 etita
578 2298 662 2364 iimcc
681 2302 853 2368 temainom
872 2303 994 2366 abaram
1021 2312 1052 2368 et
1079 2321 1212 2386 opacam
1237 2305 1367 2370 minime
1395 2314 1497 2381 reeta,

313 2407 488 2490 radaspona
500 2419 528 2474 et
543 2409 708 2494 icapaaiis
726 2414 901 2478 necessario
917 2413 1095 2496 apparebit,
1114 2432 1170 2479 nee
1186 2433 1251 2480 noa
1267 2413 1376 2494 matta
1391 2425 1496 2498 partes

314 2517 423 2584 barido
441 2520 476 2583 in
494 2537 639 2603 opacmm
657 2530 687 2586 et
705 2521 811 2586 matta
828 2539 932 2604 opaca
946 2525 982 2587 im
994 2522 1284 2606 tacidampratendi
1294 2524 1496 2592 ridebantar.

312 2627 458 2696 Alteram
475 2650 613 2714 qaoque,
632 2633 717 2715 qaod
733 2632 931 2708 observator,
951 2637 987 2700 ise
1004 2635 1142 2700 eamdem
1155 2633 1279 2717 pariter
1295 2651 1426 2699 concam
1441 2653 1496 2699 re-

310 2739 513 2822 ferripoteste
524 2759 647 2822 nempe,
659 2759 731 2806 eam
741 2742 848 2809 matta
858 2743 961 2808 accae
975 2753 1129 2827 apparent
1146 2746 1182 2810 im
1196 2744 1376 2809 illuminata
1393 2744 1496 2811 bana

306 2857 399 2932 parte
417 2849 542 2930 eaipaa
558 2849 705 2923 mactito,
724 2867 795 2932 praa
807 2859 934 2932 partem
948 2853 1064 2918 babent
1075 2856 1285 2936 nipricaatem
1295 2851 1373 2920 Solis
1388 2855 1494 2920 meam

310 2959 539 3042 respicientem,
567 2975 608 3023 ecc
635 2959 765 3024 adversa
788 2969 894 3026 cotem
912 2959 993 3028 Satis
1010 2963 1211 3030 timidioribus
1226 2966 1380 3040 terminis,
1397 2968 1495 3048 paasi

311 3069 495 3134 canentibus
508 3068 612 3151 japis,
632 3078 825 3145 emmoniae,-
842 3072 996 3137 eomimiii
1006 3083 1146 3156 aspreta,
1158 3075 1268 3156 paain
1282 3071 1396 3150 Terra,
1408 3075 1495 3141 circa

311 3175 393 3244 Sabis
410 3188 570 3254 emortum,
589 3182 758 3245 cacumina
775 3185 932 3248 montium
950 3181 1032 3250 Solis
1049 3183 1149 3250 radiis
1167 3185 1495 3262 itbsstrotasidemas,

311 3287 404 3350 octbr
431 3297 538 3354 aretem
564 3289 667 3354 adbuc
696 3288 846 3356 obscuras
876 3301 905 3356 et
927 3294 1122 3370 tenebrosas:
1151 3297 1199 3360 bae
1221 3303 1330 3360 autem
1347 3297 1496 3375 maceria,

310 3403 463 3460 crescente
483 3397 639 3464 luminosa
652 3409 758 3482 parte,
778 3401 922 3469 tenebras
941 3407 1107 3480 amittant,
1128 3405 1402 3489 quemadmodum,
1424 3405 1496 3472 Sese

309 3501 492 3568 sublimiora
497 3513 635 3588 petente,
648 3513 846 3577 terrestriam
857 3515 1030 3580 cavitatem
1044 3515 1163 3580 sembra
1180 3517 1434 3592 imminuantur:
1450 3537 1494 3584 ecc

310 3611 505 3678 admiratione
522 3617 607 3680 enim
621 3619 728 3683 eadem
746 3621 873 3687 taminia
890 3633 922 3688 et
940 3625 1031 3706 opaci
1047 3627 1116 3709 peri
1125 3643 1215 3708 posse
1231 3635 1420 3709 compertam
1433 3635 1490 3702 est,

310 3724 477 3806 dtapbanis
488 3725 614 3809 quidem
620 3729 766 3810 partibas
772 3733 878 3812 prima
892 3749 929 3798 ac
946 3735 1047 3816 mapis
1065 3735 1243 3812 ibastratis,
1263 3739 1368 3819 opacis
1386 3745 1493 3802 catem

310 3835 436 3909 mimas:
463 3837 547 3918 qaod
573 3839 609 3902 im
627 3837 777 3914 ambibat,
796 3842 901 3906 tamem
918 3845 1006 3908 varie
1020 3845 1269 3920 admittentibus,
1290 3855 1335 3911 est
1352 3849 1494 3929 marcise-

308 3953 401 4010 stam.
417 3944 454 4010 {a
463 3955 570 4012 caum
581 3965 622 4014 esc
631 3967 666 4014 eo
677 3949 911 4033 comprobabar,
923 3953 1007 4036 qaod
1016 3955 1133 4020 boram
1143 3955 1342 4022 mceaamm
1352 3955 1493 4020 obseura

304 4062 411 4133 partes
418 4057 575 4137 paatctim
587 4057 780 4135 aetianam,
788 4069 885 4143 prosit
892 4063 1050 4144 paulatim
1060 4063 1101 4129 ab
1115 4065 1255 4130 adversis
1269 4065 1367 4131 radiis
1381 4081 1493 4129 mmmm

308 4163 458 4230 irradiati
475 4167 611 4249 corporis
625 4177 733 4248 partes
751 4171 923 4237 secandam
952 4175 1146 4258 superficiem
1173 4175 1392 4250 iiiastrcntssrr
1420 4191 1493 4258 pao

307 4273 539 4358 cracabbpaa
549 4275 756 4343 irradiatione
771 4282 859 4346 sarie
877 4281 1134 4358 ittastrabantar,
1154 4285 1226 4350 otia
1242 4285 1417 4350 secandam
1434 4301 1492 4348 sa-

303 4383 460 4468 perpetem
476 4393 507 4448 et
524 4385 694 4470 atiqaaiem
707 4391 969 4471 profonditatem,
988 4401 1024 4455 at
1042 4392 1208 4476 diaphonia
1221 4405 1345 4479 portes,
1364 4413 1436 4478 pao
1454 4393 1493 4459 ab

308 4502 363 4566 boc
380 4499 527 4566 etartores
545 4499 755 4581 apparebant·
773 4503 842 4568 alia
857 4523 929 4570 aero
948 4507 1120 4572 secandam
1139 4509 1332 4592 superficiem
1352 4517 1487 4578 tamtam.
