3096 5154
181 282 243 347 ili
469 291 612 340 neman
634 290 729 339 suun
752 288 931 339 srensnnsrs
952 288 1063 339 uentu

177 457 267 539 qnod
283 466 486 532 consequens
501 455 567 526 est,
584 450 711 514 incerto
727 448 980 514 illuminationis
995 444 1160 522 conlinim
1177 444 1247 513 sed
1273 464 1297 512 n
1314 462 1374 513 rs·
1429 432 1433 465 ¹

178 566 249 631 mci
269 560 425 636 termino,
442 578 463 624 a
480 566 603 643 puncto
621 559 744 624 scillcet
761 560 948 632 contactus,
969 556 1054 621 radii
1077 554 1297 622 illustrantis
1317 556 1373 622 de·

178 671 316 755 sumpsi:
335 670 370 734 id
386 676 498 736 nutem
520 688 586 756 quo
603 674 700 752 pacto
726 686 817 733 nme
834 668 1019 749 prestitum
1047 667 1104 743 sit,
1130 666 1220 731 licet
1253 684 1304 732 ex
1334 668 1373 733 lis

177 799 251 864 quae
270 781 305 845 in
322 781 451 847 Nuncio
467 782 589 863 scripta
607 779 740 844 luerunt
756 776 920 859 quispiam
937 775 1093 858 colligere
1109 780 1249 858 posset,
1270 780 1311 843 in
1326 778 1373 844 tui
1429 796 1435 839 ι

179 898 289 956 tumen
307 891 447 973 gratiam
464 889 608 956 lucidius
623 888 790 971 explicare
806 902 874 952 non
891 887 1024 969 pigebit.

265 1000 429 1083 integram
446 998 548 1065 Lunae
562 998 681 1064 taciem
698 998 734 1061 in
755 997 839 1062 duas
859 996 1042 1078 precipuas
1068 998 1197 1077 partes,
1225 1014 1374 1082 magnus
1427 982 1439 1065 i

178 1110 293 1175 ambas
320 1116 418 1191 ntqne
444 1109 590 1174 naturali
612 1107 711 1172 oculo
727 1106 938 1189 conspicuus,
956 1104 1071 1179 divisi:
1087 1120 1243 1187 quornm
1263 1108 1372 1172 alteru

177 1222 362 1296 obscurior,
380 1237 420 1284 nc
439 1219 547 1284 veluti
567 1233 689 1299 magna
714 1216 866 1298 quedam
895 1216 999 1280 nubes
1025 1214 1212 1296 nigricans,
1244 1216 1371 1283 iaciens
1428 1230 1437 1267 t

179 1336 283 1415 ipsam
300 1330 419 1405 inlicit;
436 1328 536 1411 culus
552 1326 649 1392 faciei
666 1326 845 1407 reliquum,
861 1324 941 1390 dum
959 1324 1084 1389 lumine
1101 1324 1207 1389 solari
1225 1327 1372 1408 periun-

178 1444 283 1517 ditur,
309 1439 433 1505 clarius
458 1437 661 1519 nitidiusque
680 1436 832 1518 effulget:
849 1437 997 1517 ingentes
1015 1434 1090 1499 illas
1105 1436 1290 1515 maculas,
1302 1438 1373 1503 acis
1431 1506 1436 1515 ,

176 1550 322 1618 naturali
335 1548 544 1634 spectabiles,
554 1552 695 1623 veteres,
710 1562 769 1610 sen
782 1545 946 1628 antiquas,
960 1544 1138 1628 appelleon
1151 1560 1292 1629 easque
1306 1548 1374 1613 iere
1431 1542 1435 1563 '

174 1677 289 1727 omnes
304 1659 514 1742 superficiem
530 1657 726 1738 equabilem
745 1672 785 1720 nc
798 1655 996 1738 perpolitum
1008 1655 1158 1719 obtinere
1177 1658 1327 1740 scripsl3
1341 1658 1374 1724 ld
1431 1642 1437 1705 ἶ

174 1773 263 1836 enim
276 1767 500 1851 perspicillnm
514 1768 588 1831 luce
602 1766 727 1830 clarius
737 1765 894 1841 ostendit;
905 1764 1020 1840 veluti,
1029 1780 1048 1827 e
1057 1768 1188 1843 contre,
1201 1767 1374 1835 clariores
1432 1712 1440 1851 i

175 1880 278 1943 Lunae
289 1878 395 1959 plage
406 1874 592 1938 eminentiis
606 1876 799 1958 lacunisque
814 1875 968 1940 conlertae
985 1873 1132 1957 ejusdem
1143 1875 1374 1947 instrumenti
1434 1858 1441 1931 i

177 1985 552 2065 beneficiospectantnr.
570 1983 691 2048 Exilis
711 1987 875 2067 sequitur,
897 1984 1078 2050 terminum
1100 1983 1374 2055 illuminationis

177 2095 299 2178 partim
328 2092 546 2175 nquuhiliter,
573 2094 695 2176 purtim
716 2113 797 2160 vero
818 2100 964 2161 tortuose
987 2112 1026 2160 nc
1048 2094 1271 2161 anfractuose
1290 2116 1372 2182 pro-
1436 2112 1441 2129 ¹

177 2205 284 2280 tendi;
300 2220 368 2285 qua
383 2202 471 2268 enim
489 2218 587 2287 super
601 2222 739 2288 mognns
755 2206 904 2271 maculas
914 2205 1053 2281 incedit,
1064 2206 1281 2287 equabtliac
1292 2228 1373 2294 pes·

175 2316 281 2401 polita
297 2315 384 2381 linea
401 2314 607 2399 designatum
624 2334 788 2399 quarere
806 2317 1015 2393 lucidiorem,
1028 2319 1226 2384 lacunosum
1242 2336 1373 2407 nempe
1439 2390 1441 2397 ,

176 2444 216 2490 ac
233 2431 441 2494 montuosam
459 2428 624 2511 regionem
646 2428 836 2506 intersecat,
858 2429 1028 2496 flexuosus
1048 2428 1234 2495 admodum
1262 2440 1371 2517 atque

175 2538 405 2605 anfractuosus
437 2543 624 2618 spectatur:
656 2539 762 2602 veluti
795 2541 944 2620 appositu
977 2540 1145 2623 praesefert
1176 2540 1372 2611 delineatio

174 2612 268 2731 iras.
286 2646 340 2722 ιιι,
355 2647 425 2727 rig.
439 2645 495 2732 ιι),
511 2646 546 2710 m
563 2664 630 2727 qna
644 2645 746 2710 nnnae
764 2646 880 2727 globus
898 2649 1024 2732 integer
1037 2648 1171 2726 ulrum
1183 2668 1270 2733 pars
1284 2656 1371 2722 suu-

173 2757 301 2821 minnta
317 2753 425 2828 sllll3
442 2755 603 2819 terminus
621 2754 719 2829 lucis,
737 2755 856 2822 ductus
873 2754 978 2834 stili,
994 2760 1093 2841 cuius
1109 2776 1187 2842 pars
1202 2760 1284 2841 DE,
1306 2767 1370 2835 nni

173 2865 374 2933 illuminatio
390 2880 521 2946 magne
540 2865 681 2930 macule
697 2867 907 2944 terminatur,
924 2871 1128 2951 aequabiliter
1149 2874 1370 2951 extenditur,

173 2981 306 3061 reliquae
324 2996 404 3043 vero
421 2981 531 3060 portes
549 2975 642 3051 ABI),
661 2973 756 3054 FGH,
774 2983 930 3045 tortuose
947 2979 1124 3044 admodum
1139 2984 1277 3057 extant,
1291 2990 1370 3050 ter·

173 3091 254 3153 mini
277 3089 530 3155 illuminationis
552 3087 753 3152 lucidiorum
772 3088 872 3154 Lunoe
890 3090 1037 3170 partium
1056 3089 1247 3154 existentes.
1268 3092 1370 3159 Scias

175 3196 306 3276 insuper
320 3199 437 3271 velim,
456 3215 569 3262 omnes
587 3197 654 3261 iere
672 3199 826 3279 antiquas
844 3216 884 3261 ac
902 3215 1039 3279 magnas
1056 3200 1207 3263 maculas
1229 3203 1368 3269 altissi-

174 3320 304 3367 morum
316 3306 477 3369 montium
484 3307 572 3389 jugis
582 3309 728 3389 undique
738 3325 809 3371 esse
819 3307 1069 3389 circumseptam
1084 3311 1171 3390 quod
1188 3328 1230 3373 ex
1246 3330 1291 3378 eo
1307 3315 1368 3379 in·
1387 3352 1393 3361 ·

176 3413 303 3493 telligas
320 3415 411 3489 licet,
429 3417 507 3497 quin
521 3437 597 3483 cum
613 3436 714 3499 snpra
728 3424 800 3481 tum
813 3416 899 3479 iulru
912 3417 1071 3498 singulas,
1083 3419 1162 3483 dum
1176 3423 1368 3489 aconlinio

175 3523 256 3587 lucis
275 3542 332 3604 per
348 3525 495 3590 medium
523 3535 692 3598 secuntur,
719 3525 923 3605 prominent,
952 3543 991 3589 ac
1019 3545 1118 3610 supra
1144 3530 1365 3598 tenebrosam

177 3634 275 3697 lssunae
287 3640 412 3714 partum
424 3637 522 3715 longo
537 3635 640 3699 ductu
657 3632 894 3709 extenduntur,
912 3637 1064 3716 quaedam
1082 3640 1176 3719 quasi
1194 3656 1365 3719 promon-

175 3746 259 3808 toria
290 3743 467 3817 luminosa,
498 3743 586 3806 intra
612 3760 752 3823 quorum
782 3743 890 3808 sinum
918 3747 1046 3827 reliqua
1064 3765 1192 3830 magnae
1211 3754 1361 3817 maculae

175 3875 250 3935 pars
268 3854 510 3919 intercluditur.
528 3854 771 3920 llelinoationes
786 3854 877 3933 BCD,
890 3854 983 3935 EFG,
1002 3857 1121 3923 harum
1137 3859 1362 3927 eductionum

176 3967 334 4045 imagines
352 3966 412 4028 libi
432 3972 674 4047 representans.
1328 3988 1332 3993 '

267 4075 315 4137 Ex
334 4076 385 4138 llis
397 4077 468 4155 jam
486 4075 600 4151 habes,
619 4078 836 4144 eruditissime
853 4079 1033 4159 Breugger,
1053 4084 1085 4143 et
1107 4080 1290 4148 terminum
1314 4087 1361 4150 il·

175 4186 401 4250 luminationis
418 4186 678 4258 exactissimum,
695 4206 733 4251 uc
751 4204 885 4270 prorsus
898 4189 1038 4253 eundem
1049 4208 1126 4256 cum
1137 4197 1361 4272 punctocon-

175 4302 297 4370 tactus,
315 4295 521 4378 designatum
541 4314 560 4360 u
581 4297 667 4361 linea
680 4296 746 4373 DE;
756 4298 856 4361 habes
866 4302 898 4360 et
908 4301 1071 4363 verticum
1084 4301 1358 4370 illuminatorum

176 4408 374 4474 remotiones
390 4405 456 4482 DC,
477 4407 542 4485 EF,
558 4424 641 4490 quas
658 4406 747 4472 iacili
766 4407 944 4474 admodum
962 4412 1094 4490 negotio
1111 4413 1152 4476 ud
1171 4412 1360 4481 terminum
