3096 5154
507 348 546 395 aa
570 346 774 396 emanente
796 347 826 395 m
847 346 927 394 anea
950 347 1038 395 aare
1289 331 1354 399 349

183 504 293 564 curre,
311 487 347 549 in
367 482 462 549 etellie
480 490 587 549 tamen
603 485 768 565 maniseete
786 482 875 547 lacet.
894 481 1171 564 Recipilaraatem
1185 482 1224 547 ab
1239 483 1355 547 intelli·

180 597 288 680 qealia
298 595 439 678 primam
449 595 486 659 in
502 595 613 660 anima
623 593 717 667 orbie,
728 611 785 657 eea
798 592 888 666 Gali:
898 593 1037 675 deinceps
1054 610 1138 666 aera,
1148 592 1355 657 mediantibus

179 705 327 775 aibalibae
355 706 472 770 anima
499 702 747 788 operationibus,
763 704 800 767 in
828 720 952 785 corpore
980 701 1093 784 palpet,
1122 710 1150 766 et
1179 718 1200 765 a
1230 719 1355 781 corpore

179 824 304 890 manat:
320 817 406 880 itaut
425 814 553 880 amate
571 813 667 895 ledae
690 821 785 896 atqae
804 816 887 896 iqnie
909 813 1052 887 calcetie,
1070 812 1186 895 ubiqae
1207 813 1356 892 aiqentie,

178 933 270 990 actae
289 923 420 1006 qnidam
435 924 599 1006 maaiseete
615 925 681 988 rint
696 922 857 989 eulaeum
872 923 971 997 radii,
987 932 1017 987 et
1034 924 1137 1004 imaqa
1155 922 1299 1005 quadam
1316 923 1355 984 eit

181 1036 294 1110 albere
311 1034 586 1116 quemadmodum,
601 1032 705 1098 dieine
723 1033 862 1114 qnidam,
877 1033 1043 1116 explicavit
1057 1032 1202 1099 Plotinae
1218 1034 1255 1097 in
1271 1050 1356 1097 com-

181 1163 265 1211 men.
285 1144 335 1210 lib.
355 1144 373 1208 1
392 1144 536 1210 ercanda
553 1142 716 1208 Ennead:
738 1145 884 1226 proinde,
897 1145 974 1226 iare
995 1145 1119 1227 quidem
1136 1153 1165 1208 et
1181 1147 1291 1210 merita
1307 1145 1357 1208 di·

182 1257 308 1328 aimae,
326 1255 439 1327 lacem,
457 1272 528 1336 qua
546 1263 593 1318 eet
614 1255 650 1317 in
673 1272 799 1336 corpore
823 1273 882 1336 per
909 1271 940 1318 ee
964 1254 1076 1328 lacida,
1095 1263 1131 1318 at
1154 1263 1229 1319 eant
1255 1252 1356 1318 Solet

181 1373 288 1438 aetra,
309 1381 372 1429 eeec
394 1364 577 1446 qualitatem
600 1363 661 1430 illie
683 1364 936 1447 inseparabiliter
959 1365 1170 1446 conjunctam.
1194 1363 1232 1430 llt
1249 1373 1357 1430 uatem

182 1474 267 1540 ande
293 1474 487 1540 dieceeeimae
516 1483 728 1550 reuertamur,
753 1484 855 1557 patet,
885 1494 1016 1558 corpora
1040 1494 1148 1558 poree
1166 1476 1271 1540 lacida
1292 1494 1354 1540 eeee

182 1582 287 1652 Salem
303 1595 334 1649 et
350 1593 455 1660 aetra,
472 1592 502 1649 et
519 1587 603 1651 inter
621 1587 686 1650 bac
704 1581 807 1650 Salem
829 1603 892 1649 eeee
907 1587 1009 1668 prime
1026 1604 1063 1649 ae
1078 1603 1138 1667 per
1154 1603 1186 1648 ee
1202 1585 1357 1658 lucidam:

181 1696 264 1777 iqnie
291 1704 399 1760 autma
426 1713 501 1760 cum
527 1713 594 1760 non
621 1713 740 1777 eemper
769 1696 883 1770 laceat,
914 1715 979 1760 aon
1007 1697 1067 1760 erit
1085 1712 1144 1777 per
1165 1712 1197 1760 ee
1220 1696 1357 1768 tecleae:

182 1822 280 1887 qaare
302 1807 426 1871 ratione
447 1803 578 1869 alteriue
608 1804 732 1879 lacebit,
761 1824 869 1887 nempe
898 1808 1021 1871 ratione
1048 1806 1232 1872 eabetantioe
1250 1825 1307 1888 per
1324 1824 1355 1870 ee

184 1915 291 1980 letaldo
308 1915 368 1979 eibi
386 1917 639 1980 wmmanicata:
653 1917 736 1998 qaod
753 1916 918 1998 explicarit
933 1917 1092 1992 Plotinae,
1108 1918 1171 1982 loco
1184 1918 1282 1999 paalo
1299 1936 1357 1981 ea·

178 2027 288 2106 peritae
302 2024 411 2100 alba,
424 2044 498 2090 eam
517 2026 613 2099 dixit,
630 2028 774 2092 alborem
791 2045 853 2090 eeee
871 2029 1040 2108 imaqinem
1053 2027 1139 2092 illiae
1158 2028 1250 2103 lucie,
1264 2029 1357 2107 caiae

183 2144 273 2200 aetae
299 2145 374 2200 eant
396 2136 490 2200 radii.
519 2134 611 2212 Quod
638 2144 744 2201 aalem
767 2139 849 2218 iqnie
867 2155 933 2202 non
950 2155 1069 2220 eemper
1087 2140 1202 2212 laceat,
1220 2139 1357 2220 manife-

183 2254 270 2308 etum
287 2254 347 2320 eet,
363 2264 440 2311 nam
460 2249 497 2311 in
519 2250 706 2312 tenuieeima
726 2249 874 2322 materia,
897 2248 1074 2329 eajaemadi
1096 2256 1141 2311 eet
1163 2249 1271 2322 atbar,
1293 2248 1357 2312 eloe

186 2357 354 2436 eantiqaae
372 2357 484 2422 eoeleeti
502 2362 622 2441 corpori
651 2377 720 2434 aer,
748 2360 868 2425 nallam
896 2359 995 2424 lacem
1017 2359 1124 2432 babet:
1141 2377 1239 2441 qaare
1257 2377 1357 2441 neque

185 2466 223 2528 in
238 2466 288 2530 ἄν
305 2486 405 2551 neque
433 2471 469 2533 in
495 2479 582 2535 noete
611 2471 766 2554 salomem
794 2473 905 2534 emittit
934 2469 1049 2534 allum:
1071 2487 1143 2534 eam
1165 2485 1238 2533 aero
1257 2468 1357 2532 lucem

185 2576 329 2659 aliquam
341 2582 453 2662 refert,
466 2583 502 2644 in
514 2581 611 2646 talida
629 2599 755 2664 corpore
772 2599 921 2646 aceeneae
938 2583 1051 2663 referte
1068 2598 1168 2662 qaare
1188 2578 1268 2642 lacet
1286 2587 1359 2641 tau-

183 2701 250 2758 tam
269 2693 318 2756 bic
341 2699 446 2755 noeter
473 2693 571 2772 iqnie
599 2694 656 2773 qai
684 2701 741 2757 cat
769 2700 814 2757 eet
836 2709 986 2756 aceeneae
1014 2689 1121 2766 earba,
1139 2698 1196 2754 aat
1216 2691 1357 2772 flamma,

181 2803 247 2866 eine
264 2803 374 2884 famae
391 2801 522 2875 ardeae,-
538 2810 568 2865 et
585 2804 635 2867 bie
653 2821 741 2885 oque
764 2804 949 2885 canepiaaae
967 2810 1012 2865 eet
1029 2804 1065 2866 in
1085 2800 1219 2866 tenebris
1235 2810 1360 2882 prepter

184 2911 305 2987 stimme
320 2919 351 2976 et
379 2913 415 2976 in
443 2911 509 2975 lace
533 2922 662 2995 propter
692 2913 839 2989 calomen,
868 2930 960 2994 quem
987 2930 1052 2976 non
1081 2911 1220 2982 liaberet,
1242 2911 1307 2972 aiei
1323 2911 1359 2970 in

178 3020 289 3085 ‘aliena
305 3030 382 3086 eeeet
398 3025 532 3087 materia
559 3041 718 3088 aeeeneae.
737 3021 776 3088 Si
797 3026 898 3105 iqitar
927 3022 1008 3086 lacet
1037 3023 1136 3102 iqnie,
1166 3038 1231 3084 nan
1249 3038 1290 3083 ea
1306 3021 1359 3082 eai

185 3133 320 3196 eeeentia
336 3132 427 3206 lacet,
445 3133 498 3196 eed
515 3133 554 3198 ab
570 3134 701 3198 multam
723 3153 793 3199 eam
809 3133 1020 3198 eabetantiam
1038 3130 1186 3202 lucidam,
1205 3147 1276 3210 qua
1298 3128 1358 3191 eibi

185 3246 282 3316 inest,
291 3245 551 3308 communicatam
561 3262 583 3308 a
593 3245 712 3318 divino,
728 3263 785 3309 eea
802 3244 927 3316 eoebeti,
943 3240 1024 3306 Salie
1041 3259 1078 3305 ac
1096 3239 1243 3322 ruderum
1254 3239 1357 3303 eieirw

184 3369 424 3435 corporeeqaa,
438 3355 474 3418 in
491 3357 625 3418 materia
642 3355 767 3437 quidem
785 3354 872 3417 teuai
889 3360 919 3416 et
932 3368 1010 3416 rara
1024 3351 1163 3433 diepema
1181 3366 1218 3413 ae
1237 3348 1357 3429 dieqre-

184 3471 276 3544 qata,
295 3461 394 3526 lacem
413 3463 572 3546 effundere
592 3484 656 3530 non
673 3464 768 3539 valet,
783 3470 880 3546 proat
896 3471 942 3526 eet
959 3461 1162 3524 tenuieeimue
1180 3458 1230 3523 ille
1246 3459 1358 3528 atter:

182 3583 218 3636 at
233 3574 271 3636 in
288 3575 439 3638 craeeiore
460 3591 497 3637 ac
526 3576 667 3647 deneiore
695 3577 831 3640 matam
847 3575 970 3645 unitae,
992 3571 1107 3653 sabel:
1123 3572 1170 3633 ita
1187 3578 1223 3633 at
1238 3585 1357 3650 eemper

181 3685 269 3766 maie
297 3687 360 3767 ipre
388 3702 538 3749 aeceneae
567 3686 682 3761 laceat,
700 3705 738 3752 ac
756 3688 896 3768 prinmm
923 3685 965 3748 eit
991 3681 1197 3765 {alqidaram
1214 3682 1299 3744 inter
1319 3696 1357 3741 ea

183 3812 256 3875 qaa
283 3793 470 3859 rableenaria
486 3804 575 3872 eant,
593 3815 666 3860 cam
683 3798 768 3862 inter
783 3797 891 3861 omnia
911 3796 1050 3859 manime
1069 3791 1176 3856 lacida
1194 3791 1278 3856 illiue
1296 3808 1359 3852 ca·-

185 3903 268 3968 leetie
285 3904 467 3969 eabetantioe
480 3908 657 3987 participet.
675 3905 787 3986 anem
804 3913 910 3969 autem
922 3904 1099 3986 plurimam
1116 3919 1156 3964 ea
1174 3899 1288 3973 diuini,
1301 3914 1358 3960 eea

185 4014 326 4088 calcetie,
350 4017 486 4098 corporis
510 4018 656 4098 alatque
685 4015 835 4098 facultate
860 4014 1079 4096 participare,
1109 4021 1137 4075 el
1155 4010 1358 4091 Peripatetici

187 4142 290 4189 aranee
319 4134 465 4191 etataant
493 4125 599 4210 (inter
627 4144 704 4208 qaae
730 4124 925 4197 Alexander,
948 4124 1089 4188 omnium
1115 4122 1358 4202 anteeipnanae,

186 4234 236 4299 lib.
255 4236 285 4300 2.
304 4237 443 4301 natarat.
462 4246 570 4318 quael.
600 4256 666 4319 cap.
697 4235 737 4310 3.,
758 4236 849 4315 cajae
873 4235 968 4298 acrba
990 4234 1026 4297 in
1042 4231 1231 4314 procedente
1248 4231 1359 4315 diepa-

187 4347 300 4410 tatione
335 4350 440 4429 [aeiae
473 4351 697 4421 recitavimus,
732 4365 803 4412 carn
835 4345 1012 4409 doceremae
1047 4342 1164 4406 Galam
1196 4361 1261 4408 aon
1294 4359 1357 4404 eeee

188 4457 311 4536 iqneam
319 4458 349 4543 ),
370 4469 398 4523 et
416 4462 540 4542 ipsemet
560 4459 739 4525 Aristoteles
769 4457 890 4520 dnertie
919 4455 1020 4519 aerbie
1049 4455 1167 4527 docuit,
1197 4453 1270 4515 dam
1294 4466 1357 4512 nore
