3096 5154
498 382 537 428 ne
561 377 766 428 eamnoaenrs
790 376 819 424 ns
842 377 920 424 onore
945 376 1031 423 cono
1291 360 1351 428 301

181 521 350 588 seeundum
366 517 616 600 profunditatem
633 533 725 579 snam
744 513 857 578 tabent
875 514 1049 576 densiorem
1066 519 1096 574 et
1113 513 1264 592 majorem
1277 532 1357 594 por-

180 642 253 703 tem,
272 645 369 711 auom
391 627 446 690 uli
465 627 557 691 labet
575 627 730 690 rariorem
749 633 779 688 et
796 626 958 688 minorem.
982 621 1060 698 Quo
1077 625 1238 704 responsio
1255 627 1358 708 artifi-

180 741 259 804 ciose
278 737 377 801 allata
395 745 440 800 est
457 737 498 800 al>
516 735 622 812 Auem,
644 735 719 799 ude
740 733 836 806 coto,
857 733 1026 797 Comment.
1045 732 1102 807 lu,
1122 742 1151 796 et
1167 735 1215 797 rei
1233 743 1358 799 natura

178 856 225 914 est
254 855 482 922 consentaneas
506 849 553 911 ito
572 855 607 910 ut
635 845 759 910 abunde
787 847 920 927 sufficiat
944 844 987 908 ad
1013 844 1196 908 diluendum
1219 847 1360 926 primm

178 959 435 1024 aduersariorum
452 964 684 1037 arpumentum.
699 952 771 1030 Ono
784 972 857 1019 uero
875 954 917 1018 ad
933 953 1105 1018 secundum
1122 964 1358 1035 arpumentum,

175 1069 240 1132 rios
251 1063 1217 1161 seeundumorpmpntandilooumempnomultaarpumenta
1228 1082 1364 1130 eumun-

181 1186 246 1253 tur,
252 1193 362 1259 nempe
373 1194 413 1240 eu
424 1176 552 1250 lumine,
559 1192 698 1256 anonam
705 1184 798 1256 pacto
805 1175 903 1257 possit
909 1174 1080 1256 producere
1091 1173 1279 1238 caliditatem
1290 1193 1362 1238 eum

180 1293 286 1372 ipsum
302 1307 368 1353 non
385 1291 426 1353 sir
443 1287 595 1361 calidum,
610 1288 754 1368 anamais
766 1303 888 1368 possem
906 1282 1063 1349 communi
1081 1283 1362 1366 Peripateticorum

180 1400 383 1480 responsione
408 1399 606 1479 smistaeere,
629 1395 764 1460 mem
792 1394 1034 1468 essoaceidens,
1061 1411 1099 1458 ac
1115 1403 1280 1477 propterea
1298 1413 1362 1460 non

171 1508 304 1590 ‚requiri
317 1507 360 1570 ad
373 1506 441 1587 cp’us
453 1505 691 1588 productionem
709 1523 838 1569 causam
856 1506 1024 1570 uniooeam
1042 1503 1143 1588 (qnod
1159 1507 1362 1588 manifestum

179 1624 225 1681 cst
242 1618 278 1679 in
297 1616 399 1681 calme
414 1615 602 1698 productae
619 1624 722 1689 motu:
744 1615 824 1679 solae
851 1616 937 1678 enim
960 1615 1152 1679 substantias
1171 1615 1211 1679 al
1230 1618 1363 1680 univoco

176 1725 310 1807 produci
327 1725 452 1789 diderat
470 1722 687 1809 Aristotelem:
705 1735 824 1800 tamen,
842 1727 885 1789 ad
901 1726 1053 1807 nsajorem
1069 1727 1211 1790 veritatis
1228 1728 1364 1809 trinita·

181 1844 257 1907 um,
281 1834 379 1898 want
408 1834 564 1917 afferam:
593 1854 658 1917 pua
686 1854 749 1899 non
779 1835 879 1900 solnm
901 1838 957 1900 los
987 1845 1225 1919 arpumentum,
1254 1855 1366 1919 oerum

180 1946 275 2008 etiam
292 1944 417 2026 reliquo
429 1945 528 2026 nujus
542 1963 673 2010 anmaa
695 1947 875 2020 solvuntur,
892 1955 920 2010 et
935 1949 1036 2027 mapie
1054 1946 1196 2011 inuoluta
1206 1965 1244 2012 ao
1256 1948 1366 2030 diffiei-

181 2054 240 2118 lior
252 2055 290 2117 in
308 2055 365 2118 ltac
383 2054 595 2136 disputatione
614 2054 781 2121 dubitandi
799 2059 883 2124 ratio
900 2057 1063 2122 enodatur.

271 2161 349 2227 Dico
364 2165 478 2244 ipitur,
498 2165 604 2229 lumen
619 2167 789 2247 producere
809 2167 958 2241 calorem:
972 2187 1028 2232 neo
1043 2169 1132 2233 modo
1147 2167 1294 2240 oaorem,
1310 2168 1366 2247 qui

138 2335 145 2349 ,
183 2280 230 2335 ert
247 2272 398 2354 qualitas,
416 2291 526 2338 uerum
544 2277 639 2339 etiam
656 2278 774 2357 ianem,
793 2280 851 2359 qui
868 2286 913 2341 est
931 2277 1125 2341 substantia:
1139 2287 1173 2341 at
1188 2279 1292 2341 lumen
1303 2295 1367 2340 non

178 2383 355 2465 produmre
365 2367 498 2448 eobrem
505 2388 673 2466 primario,
686 2389 739 2451 sed
756 2396 791 2452 ut
809 2389 995 2470 qualitatem
1010 2389 1282 2452 instrumentalem
1298 2389 1369 2468 sor-

182 2510 244 2557 ma
273 2501 303 2556 et
332 2496 472 2559 essentia
497 2497 596 2577 ipsius
628 2497 719 2573 Cali5
747 2517 847 2580 neque
863 2507 1027 2580 propterea
1047 2496 1166 2559 Colum
1183 2496 1244 2559 diei
1262 2495 1368 2558 delere

178 2604 356 2686 formaliter
373 2612 402 2668 rt
420 2614 495 2670 actu
509 2607 659 2679 calidum,
675 2608 728 2670 sed
741 2611 915 2674 eminenter
928 2626 966 2672 ac
980 2615 1139 2689 potestate.
1153 2602 1267 2667 Omnes
1285 2605 1368 2666 enim

177 2715 302 2796 lorum,
331 2722 363 2777 et
390 2730 496 2778 omnes
513 2716 679 2797 qualitates
698 2736 863 2799 corporum
880 2719 1083 2800 interiorum,
1101 2717 1307 2780 continentur
1331 2715 1367 2776 in

178 2842 304 2907 empore
321 2826 483 2907 superiore
501 2834 531 2889 et
550 2827 618 2906 epus
638 2829 786 2901 essentia,
816 2828 869 2891 sed
894 2829 1080 2899 eminenter,
1109 2844 1146 2891 oo
1178 2824 1369 2889 nobilissima

179 2938 320 3008 ratione,
350 2943 379 2998 et
407 2943 558 3016 potestate
577 2935 747 3022 (inquam)
765 2936 893 3019 apendi,
914 2956 979 3001 non
993 2936 1153 3019 potiendi:
1171 2935 1269 2999 ueluti
1286 2934 1370 2996 enim

180 3048 219 3110 in
234 3047 370 3109 materia
386 3047 492 3127 primo
508 3064 614 3110 omnes
631 3049 742 3129 formo
759 3048 949 3128 peneraliles
971 3055 1121 3128 potestate
1151 3041 1369 3115 continentur,

183 3164 347 3238 tanam
364 3158 400 3220 in
415 3158 571 3238 principio
588 3159 728 3238 possiam
745 3161 792 3221 ita
808 3159 844 3220 in
859 3159 963 3239 primo
981 3173 1107 3237 corpore
1131 3170 1236 3218 omnes
1259 3154 1278 3235 t
1335 3233 1338 3239 ‚

182 3265 374 3346 inferiorum
401 3282 564 3348 corporum
598 3270 816 3342 continentur,
849 3277 1010 3348 tamqnam
1027 3269 1062 3329 in
1080 3265 1236 3347 principio
1253 3264 1369 3340 actieo;

181 3374 269 3456 quod
281 3376 469 3465 sianipieaoit
487 3375 666 3443 Aristoteles
682 3381 787 3459 prium
807 3377 879 3439 Col.
896 3385 981 3457 part.
1002 3375 1076 3449 100,
1095 3376 1215 3448 disens,
1245 3373 1285 3437 al
1314 3376 1369 3437 ltoe

178 3485 328 3566 pendere,
358 3487 407 3551 dir
436 3489 561 3569 quidem
587 3489 720 3562 elarius,
739 3489 787 3551 liis
805 3496 912 3551 eutem
929 3485 1109 3559 obscurius,
1128 3501 1192 3548 esse
1209 3494 1239 3549 et
1257 3487 1369 3549 uiuere.

145 3673 150 3682 .
181 3593 257 3672 Quo
273 3595 400 3678 quidem
416 3601 588 3679 supposito,
608 3599 689 3671 dico,
709 3599 793 3680 qnod
811 3616 883 3661 oum
914 3597 1019 3661 lumen
1045 3596 1190 3678 producit
1221 3592 1368 3666 calorem

179 3722 245 3771 non
260 3706 406 3789 producit
424 3707 558 3773 calorem
576 3728 610 3773 eo
629 3710 713 3791 quod
730 3712 771 3773 sit
786 3711 889 3791 ipsum
904 3708 1040 3772 calidum
1055 3715 1129 3770 aotu
1143 3715 1172 3770 et
1184 3707 1369 3788 formaliter,

178 3818 231 3881 rrrl
247 3816 443 3893 virtualiter,
463 3821 519 3883 noe
538 3829 596 3893 est,
615 3829 652 3882 nt
672 3821 920 3883 instrumentum
935 3817 1153 3901 {ormmstloelu
1174 3835 1245 3899 aua
1265 3819 1370 3899 torma

181 3927 257 3992 Gali
267 3928 443 3992 eminenter
459 3932 597 3993 eontinet
616 3947 721 3992 omnes
741 3931 859 4011 produc
877 3929 1060 4003 caliditatis,
1075 3947 1131 3993 nec
1149 3930 1239 3994 modo
1253 3929 1371 4017 prades

179 4038 361 4112 caliditatis,
381 4043 607 4104 verumetiam
624 4042 762 4122 smmum
780 4040 881 4119 ipnis,·
898 4047 927 4101 et
945 4041 992 4102 ita
1015 4038 1121 4103 lumen
1139 4039 1286 4120 producit
1308 4057 1372 4102 non

179 4149 486 4225 modocoliditatem,
499 4153 719 4216 verumetiam
736 4151 850 4230 ipnem.
875 4147 983 4224 Onare
1003 4159 1131 4213 nonest
1149 4152 1372 4219 necessarium,

180 4267 217 4323 ut
237 4261 322 4325 radii
343 4258 426 4326 Solis
450 4280 521 4327 vere
540 4271 569 4326 et
585 4272 674 4326 motu
692 4260 781 4326 locali
797 4261 1032 4341 retranpantur
1049 4269 1077 4324 et
1097 4260 1314 4343 reflectantur,
1336 4268 1368 4320 nt

181 4372 447 4452 penercturoalor
462 4381 518 4437 aut
539 4375 635 4453 ipnis,
655 4373 738 4454 quod
755 4370 916 4436 dicebatur
934 4373 969 4436 ln
989 4374 1082 4436 tertia
1101 4375 1225 4438 ratione
1249 4373 1289 4435 ale
1314 4366 1372 4430 ad·

182 4484 347 4560 empuriis:
365 4503 437 4549 cum
458 4485 527 4549 talis
549 4483 633 4548 calor
652 4501 715 4548 nan
734 4491 901 4564 perteretur
920 4501 960 4547 eac
978 4484 1152 4556 attritione,
1172 4482 1225 4545 sed
1243 4497 1282 4540 ea
1306 4476 1372 4536 eir-
