3096 5154
416 348 453 394 Αι
477 345 620 394 orsconso
642 347 672 392 nr
696 342 800 393 crocco
823 343 940 392 casnm
963 346 1001 392 cn
1024 344 1127 393 acccc
1293 329 1358 398 365

267 482 303 547 L’
315 483 446 559 ambra,
463 485 487 548 it
503 485 686 556 dismanta,
704 481 815 546 l'attre
834 482 919 564 gioie
936 500 955 546 c
971 482 1108 547 materie
1126 483 1228 548 molto
1244 483 1358 562 dense,

179 593 352 657 ricoaldate
369 598 567 675 attrcggona
584 592 596 655 i
613 592 798 673 oorpusaoli
815 593 965 675 leggiori,
984 610 1003 656 o
1020 590 1074 657 oio
1089 590 1208 676 pecchi
1226 601 1355 678 stirap-

179 718 264 785 gono
293 702 314 768 t’
327 702 399 766 aria
415 703 471 767 nol
487 700 711 776 rcfltoddarsi,
728 718 747 764 o
763 701 784 764 l'
795 702 867 766 aria
889 702 922 766 ta
939 706 1039 767 vento
1061 704 1095 767 ai
1117 704 1314 784 eorpusooli3
1335 721 1355 768 o

177 814 263 877 tarsa
280 814 316 877 in
338 812 427 877 simil
450 813 545 894 guiso
573 810 659 875 dalle
681 811 807 893 regioni
835 812 981 877 soaldato
1007 812 1063 877 nol
1091 811 1300 877 ruffcaddarsi
1326 814 1356 878 si

179 923 330 987 oscitano
348 923 360 985 i
377 922 469 986 venti
485 920 571 985 nelle
589 921 811 985 eirconvioinc
828 922 1007 1003 provincio.

266 1032 323 1097 lx.
341 1029 404 1095 Hic
432 1031 555 1095 citetur
581 1032 697 1096 autitor
725 1031 934 1096 determinare
961 1049 1071 1096 sensus
1100 1031 1198 1112 decipi
1225 1048 1357 1114 semper,

179 1144 243 1208 nisi
260 1141 390 1207 otterim
408 1158 534 1217 sensus,
551 1159 608 1204 seu
627 1141 761 1204 rationis
779 1142 990 1206 testimonium
1007 1144 1178 1207 accesserit.

268 1252 309 1316 X.
329 1249 560 1314 Osteodenrtum
578 1250 633 1313 titi
655 1258 701 1314 est
729 1252 884 1314 rationem
912 1253 1107 1317 contrariare
1130 1254 1357 1334 phoenomenis,

182 1361 278 1443 quod,
296 1362 333 1424 ni
347 1360 454 1442 satior,
473 1377 538 1424 non
552 1367 697 1442 prastas.

269 1470 640 1545 xt.Fa1sot’assunt0‚
667 1470 750 1534 tatas
778 1472 812 1536 la
839 1488 1081 1554 conregnante,
1110 1490 1190 1538 vcro
1210 1473 1244 1538 Ιο
1262 1490 1357 1557 spro-

178 1582 295 1665 posito.

266 1691 338 1756 ΧΗ.
354 1689 442 1754 Bene
460 1689 553 1764 dicim
569 1690 624 1754 sea
638 1691 737 1756 mutto
765 1693 871 1757 minus
901 1694 961 1758 erit
988 1710 1065 1757 ocra
1087 1695 1201 1775 positio
1217 1694 1272 1759 itta
1287 1713 1359 1777 qua

180 1801 266 1866 nuito
278 1809 372 1882 poeto
390 1799 560 1864 coelestibus
576 1800 711 1864 motibus
721 1803 986 1876 accommodatum
996 1804 1109 1884 positio
1125 1805 1233 1885 itaque
1251 1822 1360 1869 eccen-

179 1915 330 1978 tricorum
343 1919 447 1993 potest
464 1928 527 1974 csse
546 1928 611 1973 non
629 1927 719 1985 aera,
737 1911 791 1974 sea
806 1911 916 1993 positio
938 1913 1126 1994 simplicium
1148 1913 1359 1978 concentrieo-

179 2041 253 2087 rum
270 2030 315 2085 est
333 2020 472 2085 absolute
489 2020 573 2103 [alsa
590 2028 619 2083 et
635 2021 841 2102 impossibilis.
1079 2096 1081 2099 ,

267 2132 354 2197 xm.
372 2132 515 2198 Mundus
532 2150 598 2197 non
616 2141 661 2197 est
677 2133 845 2208 remititte,
868 2152 909 2200 ec
931 2153 966 2199 co
988 2136 1072 2217 puod
1093 2135 1161 2216 ejus
1184 2135 1358 2218 superficies

181 2261 275 2307 semu
288 2246 497 2326 percipiatur:
515 2261 571 2307 nec
590 2261 710 2307 necesse
729 2252 773 2308 est
791 2244 919 2324 aliquod
936 2262 1063 2327 corpus,
1080 2245 1123 2309 od
1139 2246 1194 2310 noc
1212 2253 1248 2309 ut
1264 2260 1360 2309 sensu

177 2355 384 2436 percipiatur,
402 2357 593 2439 superficiem
610 2353 882 2418 nabere‘senisius
897 2357 1088 2437 eapositam:
1111 2356 1201 2420 nanto
1217 2357 1302 2420 enim
1324 2355 1359 2418 in

182 2481 270 2546 apua
296 2466 433 2529 eaistens
454 2473 484 2529 ct
511 2467 547 2528 in
575 2483 661 2540 aere,
690 2480 795 2528 aerem
826 2472 855 2527 et
884 2481 1003 2546 apuam
1031 2464 1139 2538 sentit:
1167 2465 1359 2547 superficiem

181 2581 288 2637 autern
307 2575 528 2639 terminantem
546 2594 611 2639 non
629 2578 734 2640 sentit.

268 2682 354 2748 xlv.
382 2683 454 2749 Imo
482 2685 516 2749 io
532 2687 738 2767 continperet,
756 2688 784 2750 si
811 2685 1032 2751 clementorum
1049 2685 1114 2750 atia
1142 2683 1359 2755 essentiane,

179 2793 244 2859 aiio
272 2796 403 2876 procia:
432 2795 511 2859 levia
539 2798 623 2860 enim
651 2795 693 2860 aa
717 2797 882 2878 proprium
906 2803 1049 2861 centrum
1070 2801 1246 2876 serperent,
1264 2811 1362 2875 pecu·

181 2905 290 2969 iiorcrn
307 2907 532 2970 constituentia
553 2907 717 2988 spheram.
740 2906 835 2971 Nunc
858 2914 979 2980 autera,
1003 2908 1081 2990 quia
1096 2906 1203 2970 omnia
1224 2906 1260 2968 in
1281 2903 1362 2968 idem

180 3015 374 3095 consuram,
404 3017 483 3097 quia
507 3017 616 3079 omnia
633 3017 820 3096 pravitatem
838 3015 967 3090 nabent,
987 3016 1119 3080 cundem
1136 3032 1239 3078 unum
1256 3022 1361 3091 umen

182 3126 350 3208 conficiunt
366 3125 501 3207 piabunt.

270 3234 350 3300 XVs
367 3233 405 3302 Si
433 3255 519 3319 aqua
548 3246 645 3303 totam
677 3236 808 3303 Terram
838 3236 1073 3308 circumdasset,
1104 3235 1267 3316 terripena
1296 3248 1362 3296 non

181 3348 316 3430 fuissem
336 3348 379 3410 ort
406 3366 542 3430 quorum
568 3351 666 3414 citam
690 3347 919 3430 providendum
947 3352 1034 3409 esset.
1052 3343 1090 3410 Si
1111 3362 1198 3428 apua
1229 3343 1360 3409 Terram

181 3456 322 3538 undique
343 3474 409 3521 non
431 3434 605 3524 circumdat
634 3477 675 3523 ea
700 3457 900 3539 providentio
928 3454 1066 3539 Omfieu,
1093 3475 1134 3520 ne
1160 3456 1245 3520 dicas
1267 3472 1358 3536 apua

178 3568 281 3648 mapis
299 3583 363 3630 esse
385 3569 531 3632 naturate
554 3577 650 3633 totam
671 3568 790 3632 ambire
816 3565 968 3639 Terram,-
989 3583 1065 3630 nam
1082 3567 1146 3629 trac
1163 3564 1361 3646 procidentia

180 3677 268 3758 ionpe
285 3679 395 3741 metius
414 3679 491 3758 tepeo
509 3682 641 3761 imponit
650 3679 795 3762 partibus
813 3677 957 3744 Universi
971 3695 1069 3760 quam
1083 3678 1212 3758 ipsamet
1225 3682 1359 3748 natura,

177 3789 207 3852 si
226 3795 330 3852 wmen
348 3788 499 3868 eiusmodi
511 3791 743 3872 providentiam
760 3807 782 3854 a
801 3797 922 3854 natura
939 3789 1104 3869 sejunpere
1121 3785 1213 3850 decet.

267 3899 353 3964 xvl.
371 3898 465 3963 Hono
488 3902 753 3965 coordinationem
786 3901 933 3980 pravium
961 3905 990 3960 et
1021 3897 1134 3961 hoium
1162 3893 1270 3958 iubens
1301 3891 1362 3954 aa·

178 4010 314 4082 mittam,
355 4009 438 4090 quoa
474 4010 588 4074 seilicet
624 4011 847 4090 pravissimum
868 4016 1013 4072 centrum
1041 4013 1165 4086 occupet
1197 4019 1362 4084 corporum

178 4123 332 4203 pravitate
355 4140 393 4184 ac
423 4122 544 4185 levitate
571 4121 792 4202 prasinorum:
821 4119 874 4182 sea
889 4118 1090 4192 memineris,
1112 4114 1229 4179 Caium
1245 4113 1285 4178 ab
1302 4114 1360 4177 nac

179 4232 410 4297 coordinatione
442 4251 504 4297 esse
535 4235 695 4305 immune,
726 4249 796 4295 oum
827 4248 881 4294 nec
909 4248 1004 4312 prave
1034 4231 1075 4293 sit
1103 4246 1159 4293 nec
1189 4225 1266 4299 icae:
1287 4240 1360 4303 erpo

178 4344 260 4424 quod
291 4353 439 4426 occupent
468 4351 611 4407 centrum
646 4341 740 4415 Cati,
763 4341 852 4405 nnita
874 4341 975 4405 adnuo
1008 4341 1129 4406 ratione
1164 4339 1360 4403 demonstra-

179 4463 246 4517 tum
265 4464 319 4516 est.
