3096 5154
500 353 539 397 m:
561 350 768 399 counanimis
791 351 820 394 m
844 350 924 395 oona
948 350 1034 394 conoe
1296 334 1364 401 289

183 492 384 560 existimatur
400 489 458 552 dac
478 491 531 552 ria
548 489 651 552 doceri
665 506 753 568 posse
772 496 799 548 et
817 486 979 568 explicari.
1000 454 1221 552 Omitto‘nune
1248 491 1282 553 dc
1314 493 1365 556 lu-

180 607 265 669 mine
282 600 406 682 aliquid
422 600 536 671 dicere,
555 615 694 680 quonam
710 606 806 678 paeto,
821 599 927 660 lunten
941 598 1058 678 ipsum,
1070 599 1289 664 cumcalidum
1300 623 1364 668 non

178 717 235 788 sit,
253 711 443 776 caliditatem
459 713 573 793 sociam
591 711 626 774 de
645 712 701 774 doe
721 710 806 772 enim
818 717 928 789 postea
946 707 1126 788 loquemur:
1148 710 1202 774 sed
1224 715 1365 777 conside-

178 825 257 891 roeo
275 831 416 897 tontum,
434 840 572 904 quonam
587 829 680 902 pacto
698 827 800 884 motus
815 821 879 900 ipse
892 819 1024 883 colerem
1032 820 1249 901 producat.1d
1259 833 1367 888 autem

179 937 221 1001 oo
237 933 404 1009 Aristotele
432 933 524 1016 [acite
546 932 739 1014 explicatur:
756 939 858 994 notus
876 931 961 993 enim
978 933 1140 996 attritione
1170 952 1208 998 ac
1237 938 1366 1019 rarefa-

180 1046 282 1110 ctione
299 1052 392 1125 aptus
411 1052 456 1106 cst
474 1045 576 1124 ipnire
596 1042 698 1124 lipno,
717 1052 746 1104 et
763 1061 985 1124 quacumque·
1007 1044 1091 1125 quod
1113 1046 1239 1125 quidem
1256 1067 1368 1112 oerum

180 1173 246 1220 este
262 1154 385 1237 fatebor
403 1164 433 1217 et
449 1154 627 1236 affirmabo:
644 1163 679 1217 ot
697 1172 837 1235 quonam
854 1164 946 1235 pacta
965 1154 999 1218 id
1015 1172 1036 1217 a
1054 1151 1126 1218 Sole
1144 1158 1181 1219 in
1198 1159 1263 1222 leae
1282 1162 1368 1242 infe-

180 1269 351 1350 rioraini
362 1268 469 1348 possit,
489 1264 703 1346 difficillimum
720 1264 846 1345 quidem
864 1267 1009 1329 existimo
1027 1275 1064 1328 ut
1081 1265 1266 1332 declaretur.
1288 1269 1368 1333 Cum

181 1377 271 1439 enim
286 1373 342 1440 Sol
356 1375 525 1457 calefacere
544 1376 709 1456 manifeste
724 1392 791 1454 pra
809 1376 917 1439 ceteris
935 1375 1080 1439 omnibus
1096 1379 1304 1455 ostentatus,
1329 1401 1367 1445 oe

182 1486 286 1551 lucere
299 1485 446 1552 rideatur
461 1486 520 1571 (eu
535 1504 597 1568 quo
612 1483 694 1549 Solis
713 1486 998 1549 denominationem
1015 1486 1157 1572 holuit),
1176 1491 1205 1552 si
1222 1492 1289 1555 luce
1307 1510 1369 1556 suo

180 1615 220 1661 ac
235 1605 325 1661 motu
344 1597 478 1662 calormn
493 1598 653 1680 producit,
673 1615 744 1660 eum
761 1615 848 1677 aquo
869 1595 969 1661 luceat
987 1599 1023 1659 in
1044 1596 1126 1661 Coto
1143 1616 1263 1682 semper
1281 1614 1311 1667 et
1332 1605 1368 1667 in

180 1708 290 1790 lpum
308 1709 392 1772 etin
409 1716 528 1782 astate,
547 1708 699 1790 quomodo
714 1717 803 1771 motu
821 1707 1012 1771 caliditatem
1030 1710 1191 1789 producit,
1222 1723 1259 1778 ut
1288 1715 1369 1781 Ari-

181 1820 282 1883 stoteli
304 1820 441 1900 placuit,
472 1836 544 1882 eum
571 1819 604 1882 id
631 1826 734 1882 motus
757 1836 822 1880 non
839 1820 951 1899 possit,
976 1820 1038 1882 nisi
1053 1837 1112 1900 per
1129 1824 1322 1889 attritionem
1339 1835 1368 1889 ct

182 1931 437 2012 rarefactionem,
452 1931 583 2012 efficere,
600 1927 656 1993 Sol
673 1938 780 1992 autem
799 1947 897 2010 supra
915 1927 1042 1992 Lunam
1059 1933 1109 2003 sit,
1133 1949 1174 1996 ex
1192 1931 1368 2001 Aristotelis

180 2047 211 2103 et
229 2038 373 2104 Platonis
391 2041 535 2114 decretis,
553 2058 653 2122 supra
672 2038 869 2104 Mercurium
888 2042 984 2103 etiam
1002 2048 1031 2102 et
1057 2040 1274 2118 Veneremur
1288 2045 1369 2110 Pto-

182 2149 283 2214 lcmai
296 2158 326 2213 et
342 2151 409 2231 mus
427 2159 617 2215 sectatorum
634 2151 810 2215 sententia?
833 2148 984 2226 Quonam
993 2161 1088 2232 paeto
1102 2155 1264 2220 attritione
1283 2160 1368 2223 colo-

184 2276 256 2324 rem
277 2268 306 2323 et
333 2260 540 2342 rarefactione
559 2263 676 2343 efficere
692 2262 810 2344 potest?
827 2259 960 2325 Attritio
974 2263 1059 2325 enim
1072 2266 1106 2346 fit
1118 2281 1175 2344 per
1189 2277 1369 2334 contactum

183 2371 327 2453 corporis
343 2373 502 2436 merentis
520 2381 549 2435 et
567 2373 690 2445 attriti·
706 2372 812 2445 modo,
831 2374 859 2434 si
877 2369 934 2435 Sol
949 2381 994 2435 est
1011 2389 1111 2454 supra
1128 2372 1229 2439 Luna
1250 2376 1369 2454 orbem,

183 2499 252 2546 non
277 2490 377 2564 potest
402 2490 487 2546 motu
515 2501 573 2548 suo
590 2484 786 2567 attritionem
801 2485 906 2564 [acere
924 2484 1072 2565 inferiori
1088 2483 1158 2548 ordi
1175 2485 1274 2566 ipsim
1286 2488 1368 2550 aeris

181 2600 214 2655 et
228 2591 411 2668 sublunari,
428 2595 492 2657 nisi
509 2594 600 2675 prius
618 2595 741 2659 attritio
759 2594 1009 2658 communicetur
1025 2595 1136 2658 lunari
1152 2594 1239 2659 orbi:
1257 2612 1367 2677 quare,

179 2710 239 2766 out
253 2704 378 2769 attritio
395 2707 431 2788 tlt
447 2707 483 2767 in
502 2704 610 2768 lunari
628 2703 701 2768 orde
719 2703 759 2768 ab
777 2704 845 2785 ipso
863 2703 960 2768 solari
978 2721 1119 2786 corpore,
1139 2714 1168 2769 et
1186 2705 1259 2770 inde
1282 2725 1368 2772 com-

179 2814 367 2880 municatur
394 2816 465 2879 aeri
492 2817 639 2896 contipuo
669 2821 698 2877 et
725 2813 908 2878 elementari
925 2813 1058 2886 mundo,⁸
1075 2822 1105 2878 et
1124 2823 1199 2878 tunc
1218 2825 1368 2897 sequetur

179 2924 389 2998 attritionem,
418 2933 449 2989 et
475 2933 715 3006 consequentem
736 2926 766 2988 ei
787 2925 1043 3005 compactionem,
1060 2926 1200 3006 primum
1218 2927 1316 3007 recipi
1332 2927 1368 2990 in

182 3029 558 3116 caustimomquare
573 3043 603 3098 et
620 3051 733 3116 eorpus
751 3035 855 3115 ipsum
872 3033 1005 3108 calesti,
1024 3053 1133 3117 nempe
1152 3037 1296 3101 lunarem
1313 3052 1369 3102 or-

183 3138 268 3213 deni,
286 3157 351 3205 etse
366 3146 588 3227 rarefactionis
606 3153 701 3225 atque
720 3151 897 3208 ceterarum
911 3145 1097 3225 passionum
1112 3148 1369 3227 corruptivarum

180 3251 382 3332 participem:
396 3264 455 3319 aut
473 3275 537 3320 non
555 3259 589 3340 fit
608 3257 644 3319 in
662 3255 770 3319 lunari
788 3253 877 3327 orde:
894 3264 923 3316 et
942 3262 1018 3318 tune
1040 3272 1140 3336 neque
1164 3257 1200 3320 in
1223 3260 1369 3339 eontipuo

182 3358 296 3426 lunari
312 3360 381 3426 orti
396 3381 483 3428 aere.-
502 3383 579 3429 nam
596 3384 669 3429 eum
688 3365 774 3446 lonpe
789 3365 1003 3429 uadissimum
1013 3366 1054 3428 sit
1065 3367 1273 3431 interstitium
1283 3369 1369 3434 inter

179 3487 289 3536 mern
306 3474 489 3556 contionum
506 3478 622 3560 infima
639 3484 669 3539 et
687 3491 830 3539 concaua
847 3475 1022 3558 superficiei
1039 3473 1156 3550 Luna,
1176 3484 1206 3540 et
1223 3476 1369 3541 ultimam

179 3582 377 3666 superficiem
393 3602 567 3650 convenam
584 3587 721 3667 ejusdem
739 3584 839 3659 orbis,
857 3586 922 3650 sioe
940 3603 1111 3650 concavam
1129 3585 1176 3650 illi
1197 3588 1369 3668 superioris

178 3691 280 3764 mou:
308 3711 375 3758 non
398 3698 514 3776 poterit
543 3698 665 3761 attritio
687 3715 708 3760 a
730 3694 816 3770 Sole,
835 3697 1046 3778 insuperiori
1063 3695 1135 3760 orbe
1155 3695 1314 3769 collocato,
1334 3697 1370 3759 in

176 3819 252 3868 aere
262 3801 493 3885 infraLunam
503 3809 671 3870 constituto
681 3808 788 3888 recipi.
801 3803 865 3872 Nee
883 3807 990 3869 nunus
1004 3805 1230 3887 Peripateticos
1247 3806 1369 3886 fatipm

181 3911 225 3976 tu
241 3913 346 3978 altera
363 3914 524 3998 difficultas
543 3937 584 3981 cu
604 3917 721 3980 lumine
739 3925 824 3990 orta,
844 3933 983 3998 quonam
1001 3923 1094 3997 pacto
1125 3916 1229 3978 lumen
1258 3913 1369 3977 calidi-

179 4029 275 4086 tatem
286 4023 462 4104 producere
476 4030 585 4109 possit,
604 4046 676 4091 cum
693 4029 797 4106 ipsum
813 4025 990 4106 formaliter
1008 4025 1144 4089 calidum
1159 4042 1222 4087 non
1236 4023 1297 4087 sit?
1308 4022 1370 4087 Di-

180 4149 249 4196 cere
267 4136 366 4210 enim,
386 4138 567 4203 virtualiter
585 4156 649 4201 esse
668 4136 821 4207 calidum,
841 4154 906 4199 non
924 4142 969 4198 est
984 4153 1115 4200 causam
1129 4136 1305 4216 assipnare,
1319 4135 1372 4200 sed

179 4242 341 4324 effectumc
359 4265 400 4312 erc
418 4248 529 4331 effectu
547 4250 632 4311 enim
650 4245 854 4330 calefaciendi
883 4248 1097 4326 eopnoseimus
1127 4241 1231 4309 Solem
1258 4245 1371 4308 nabere

181 4355 782 4441 virtutcmcalesaeiendi,·sedquunam
800 4357 841 4420 sit
859 4357 960 4422 uirtus
979 4357 1043 4420 leuc
1062 4355 1279 4438 calefaciendi,
1300 4371 1372 4418 cum

179 4483 251 4529 non
268 4469 312 4564 sit
325 4469 483 4546 caliditas,
503 4489 568 4536 non
587 4469 777 4535 declaratur.
800 4466 863 4534 Sed
879 4468 983 4550 major
1001 4467 1105 4533 adduc
1124 4475 1216 4549 urpet
1239 4463 1372 4547 difficul-

270 4574 393 4636 Gmuuo
412 4577 655 4638 Goion-Tou.
674 4577 724 4633 ΙΙΙ.
1187 4577 1219 4627 19
